3068 5160
708 348 845 404 ORATIO
863 347 897 404 X.
1360 350 1422 409 115

166 530 209 608 τῇ
235 523 339 608 μητρί
366 528 557 605 συνεγένετο
580 527 637 587 καὶ
659 520 782 598 παῖόές
805 525 892 585 είσιν
916 521 1006 606 αὐτῷ
1029 521 1066 600 ἐξ
1088 526 1230 609 ἐκείνης·
1260 526 1316 586 καί
1337 527 1422 605 μετά

165 632 282 704 ταῦτα,
307 622 384 688 ἀέον
407 623 491 700 ἴσως
512 628 672 710 κρύπτειν
687 633 786 687 τοῦτο
803 614 822 710 ἢ
840 634 985 711 ποιησαι
1000 629 1143 706 νόμιμον
1158 632 1231 701 τοῖς
1246 625 1423 711 Θηβαίοις,

166 733 306 813 πρῶτον
333 729 394 807 μὲν
424 735 531 789 πᾶσιν
560 729 702 812 ἐποίησε
727 731 889 812 φανερόν,
920 729 1039 789 ἔπειτα
1062 731 1241 812 ηγανάκτει
1262 731 1318 790 καὶ
1340 730 1422 809 ἐβόα

164 825 312 912 μεγάλα,
341 832 394 891 ότι
422 835 488 891 τῶν
520 831 628 892 αὐτῶν
658 832 770 915 πατήρ
801 832 876 891 ἐστι
904 831 960 891 καί
989 826 1215 915 ἀδελφόςκαὶ
1238 839 1297 916 τῆς
1320 833 1422 917 αὐτῆς

129 931 322 1015 ῡγυναικός
351 933 433 1018 ἀνὴρ
455 934 512 994 καὶ
533 933 615 1006 υἱός,
662 933 695 993 οί
718 929 753 994 ἀὲ
777 928 991 1015 ἀλεκτρυόνες
1015 932 1072 992 οὐκ
1095 933 1338 1012 ἀγανακτοῦσιν
1362 935 1475 998 ἐπὶθθ

166 1036 303 1108 τούτοις
332 1030 409 1095 ούάἐ
441 1035 475 1095 οἱ
503 1036 596 1109 κύνες
626 1031 702 1095 ούάἐ
731 1040 798 1095 τῶν
829 1035 913 1095 όνων
944 1031 1069 1110 ούάείς,
1101 1030 1176 1095 ούάἐ
1208 1037 1241 1095 οἱ
1269 1037 1420 1120 Πέρσαι·

122 1150 154 1204 ιι)
166 1137 281 1198 καίτοι
311 1133 448 1198 ἀσκοῦσι
477 1142 544 1197 τῶν
573 1137 657 1197 κατά
687 1138 748 1220 τὴν
767 1127 884 1198 Ἀσίαν
915 1138 1059 1220 ἀριστοι.
1104 1138 1192 1219 πρός
1222 1134 1257 1197 ἀὲ
1286 1139 1421 1212 τούτοις
1473 1170 1475 1174 >

166 1234 363 1324 ἐτύφλωσεν
392 1238 511 1299 αὐτόν·
541 1239 660 1299 ἔπειτα
690 1235 791 1323 ηλάτο
821 1235 1092 1324 τετυφλωμένος,
1123 1238 1238 1323 ὥσπερ
1264 1239 1300 1299 ού
1325 1236 1420 1301 ἀυνά-

166 1358 268 1420 μενος
290 1335 426 1420 βλέπων
449 1337 659 1401 πλανᾶσθαι.
704 1342 760 1402 καὶ
783 1341 820 1414 ὃς
844 1342 990 1414 ἀκούσας
1012 1339 1096 1423 ἐφη,
1125 1342 1171 1400 Σύ
1194 1345 1265 1420 μέν,
1288 1340 1314 1401 ὦ
1338 1343 1421 1402 Διό-

122 1456 147 1509 1σ
166 1461 268 1525 γενος,
293 1441 588 1526 ἀναισθητότατον
612 1443 772 1504 ἀπάντων
796 1443 992 1527 ἀνθρώπων
1016 1441 1224 1527 ἀποφαίνεις
1247 1445 1305 1503 τόν
1326 1440 1420 1504 Οίάί·

167 1557 271 1604 πουν·
296 1544 330 1603 οὶ
354 1539 389 1604 ἀὲ
405 1535 559 1629 Ἕλληνες
582 1542 713 1605 οἴονται
737 1545 794 1605 ούκ
816 1545 932 1630 εὐτυχῆ
954 1547 1015 1624 μέν
1037 1545 1201 1626 γενέσθαι
1222 1545 1420 1630 ἄνθρωπον,

169 1646 306 1707 συνετόν
333 1642 368 1707 ἀέ
393 1648 530 1708 πάντων
551 1644 717 1728 μάλιστα·
745 1650 848 1726 μόνον
871 1654 949 1728 γοῦν
973 1647 1073 1709 αύτύν
1097 1645 1195 1709 λῦσαι
1218 1651 1256 1709 τύ
1281 1647 1469 1730 αἴνιγμα3λ

168 1755 226 1833 τῆς
240 1749 399 1833 Σφιγγός.
435 1750 490 1810 καί
513 1751 711 1832 ύΛιογένης
729 1745 883 1831 γελάσας,
908 1749 967 1833 Μὴ
985 1751 1058 1832 γάρ,
1082 1750 1159 1834 ἐφη,
1182 1752 1308 1825 ἐκεῖνος
1323 1748 1420 1812 ἔλυσε

169 1851 205 1911 τύ
234 1847 390 1930 αἴνιγμα,·
420 1851 477 1911 ούκ
504 1852 647 1936 ἀκήκοας
670 1853 723 1912 ότι
745 1851 934 1934 ἀνθριοπον
958 1851 1058 1912 αὐτὸν
1081 1848 1231 1914 ἐκέλευσε
1253 1860 1378 1934 γνῶναι
1400 1857 1419 1937 ἡ

131 1947 297 2036 1ίΣφγξ;
326 1953 345 2012 ἀ
367 1949 403 2014 ἀὲ
426 1953 614 2037 ἀνθρωπον
637 1955 697 2032 μέν
720 1956 738 2014 ό
761 1955 853 2014 ἐστιν
877 1952 952 2012 ούτε
975 1951 1070 2014 εἶπεν
1095 1954 1169 2014 ούτε
1192 1955 1292 2034 ἔγνω·
1321 1956 1359 2014 τό
1384 1950 1421 2015 ἀὲ

172 2055 274 2133 ύνομα
297 2055 335 2114 τύ
359 2063 420 2116 τοῦ
440 2056 629 2140 ἀνθρώπου
650 2051 752 2136 λέγων
769 2046 853 2136 ηλετο
871 2051 976 2135 λέγειν
992 2056 1030 2114 τό
1047 2056 1277 2138 ἐρωτώμενον
1303 2057 1419 2139 ὥσπερ

172 2153 279 2230 εἴτις
301 2157 488 2241 ἐρωτηθεὶς
510 2159 544 2218 τί
566 2159 639 2218 ἐστι
662 2159 856 2240 Σωκράτης,
889 2157 907 2216 ὁ
931 2152 966 2216 ἀὲ
989 2153 1093 2240 μηάἐν
1116 2155 1211 2218 εἴποι
1234 2155 1338 2219 πλέον
1360 2164 1423 2219 τοῦ

172 2260 345 2339 ὀνόματος,
368 2261 422 2321 ότι
436 2260 623 2344 Σωκράτης.
661 2261 725 2341 ἐγὼ
750 2256 785 2320 όέ
808 2259 934 2343 ἤκουσά
957 2277 1015 2318 του
1040 2255 1194 2340 λέγοντος
1209 2261 1295 2345 ότιη
1312 2259 1423 2347 Σφίγξ

170 2365 188 2446 η
211 2361 349 2442 ἀμαθία
373 2362 474 2422 έστίν.
513 2364 636 2446 ταύτην
661 2361 717 2422 σύν
739 2363 795 2422 καὶ
813 2363 979 2444 πρότερον
995 2352 1202 2445 όιαφθεῑραι
1217 2365 1295 2437 τούς
1310 2365 1470 2426 Boua-32

130 2476 151 2528 ε]
171 2465 248 2538 τούς
261 2466 319 2526 καί
333 2471 399 2540 νῦν,
419 2460 514 2525 ούάἐν
531 2464 651 2538 αύτούς
667 2467 777 2526 ἐῶσαν
790 2460 926 2539 είάέναι,
944 2464 1001 2523 άτε
1014 2463 1211 2547 ἀνθρώπων
1224 2466 1420 2544 ἀμαθεστά-

169 2585 254 2640 τους.
302 2568 380 2641 τούς
407 2568 468 2646 μὲν
500 2566 557 2627 οὖν
586 2563 708 2640 ἀλλους
737 2563 862 2645 μᾶλλόν
892 2587 926 2626 τι
956 2565 1193 2626 αἰσθάνεσθαι
1223 2574 1281 2650 τῆς
1311 2568 1421 2628 αύτῶν

169 2668 296 2745 ἀνοίας,
323 2670 380 2729 τόν
404 2664 440 2729 ἀέ
467 2665 650 2745 Οίάίποόα,
676 2671 876 2754 σοφώτατον
898 2669 1108 2751 ηγησάμενον
1132 2668 1231 2728 αὐτόν
1254 2665 1420 2730 εἶναικαὶ

169 2767 434 2855 διαπεφευγέναι
462 2772 521 2856 την
551 2771 682 2855 Σφίγγα
712 2772 767 2831 καὶ
795 2771 962 2831 πείσαντα
990 2770 1067 2843 τούς
1097 2765 1219 2842 ἀλλους
1248 2767 1420 2852 Θηβαίους

168 2879 276 2950 τοῦτο,
300 2875 440 2934 κάκιστα
464 2869 672 2934 ἀπολέσθαι.
710 2875 786 2934 ύσοι
808 2873 870 2956 γάρ
894 2873 934 2933 ἀν
957 2871 1106 2950 ἀμαθεῖς
1129 2871 1221 2945 ὄντες
1241 2872 1419 2933 πεισθῶσι

117 2989 145 3042 25
168 2975 272 3060 σοφοί
303 2973 407 3052 εἶναι,
438 2973 532 3036 οὗτοι
561 2971 649 3035 πολύ
678 2975 764 3036 είσιν
788 2971 997 3058 ἀθλιώτεροι
1019 2981 1085 3036 τῶν
1108 2970 1218 3035 ἀλλων
1241 2974 1418 3035 ἀπάντων·

164 3079 220 3140 καί
242 3077 317 3138 ἐστι
339 3083 493 3138 τοιοῦτον
516 3079 554 3137 τὸ
579 3083 644 3138 τῶν
670 3083 844 3161 σοφιστῶν
867 3081 971 3157 γένος.

164 3398 238 3478 (10)
268 3392 509 3476 ΤΡΩΙΚΟΣ
541 3393 692 3474 ΥΠΕΡ
719 3391 827 3474 ΤΟΥ
859 3392 1024 3475 ΙΛΙΟΝ
1057 3394 1149 3472 ΜΗ
1183 3392 1416 3475 ΑΛΩΝΑΙ.

253 3619 341 3684 olda
363 3624 424 3702 μὲν
447 3622 549 3703 ἔγωγε
573 3618 689 3700 σχεδόν
706 3623 758 3682 ότι
776 3616 946 3680 ἀιόάσκειν
961 3621 1022 3698 μὲν
1038 3618 1245 3701 ἀνθρώπους
1262 3619 1416 3693 ἅπαντας
1433 3627 1447 3686 1

158 3721 312 3804 χαλεπόν
340 3725 448 3800 ἐστιν,
477 3720 651 3799 ἐξαπατᾶν
675 3720 709 3784 ἀέ
734 3718 863 3805 ῥᾴδιον.
908 3722 963 3781 καὶ
985 3721 1201 3799 μανθάνουσι
1223 3722 1284 3799 μέν
1306 3723 1414 3803 μόγις,

162 3827 221 3887 ἐάν
250 3845 285 3886 τι
312 3825 368 3886 καὶ
393 3825 554 3904 μάθωσι,
585 3815 670 3907 παρ’
698 3821 818 3904 ὀλίγων
841 3829 908 3884 τῶν
931 3819 1088 3898 είάότων,
1117 3817 1355 3897 ἐξαπατῶνται
1379 3819 1414 3884 ἀὲ

247 4005 392 4063 θευοαΡ
480 4004 587 4077 ύμέγα
606 4003 723 4058 Cobetus
817 3997 1085 4075 ύάγανακτοῦσιΡ
1174 3999 1347 4058 Βείλᾶτοί

160 4096 193 4147 13
216 4095 271 4163 τῆσ
295 4087 420 4163 σφιγγὸσ
438 4121 470 4131 -
492 4085 526 4146 τὸ
547 4084 662 4160 αἴνιγμα
688 4088 785 4142 om.P
874 4094 905 4144 14
923 4087 1033 4146 ἐκέλευε
1052 4087 1099 4143 UP
1188 4091 1219 4141 16
1244 4080 1338 4154 όνομα
1362 4088 1415 4142 τοῦ

159 4181 219 4242 (om.
235 4173 320 4243 um]
375 4181 403 4229 17
422 4173 575 4246 ἐρωτιθεὶσ
593 4173 640 4227 PV
696 4176 725 4226 18
745 4192 797 4230 του
810 4190 861 4228 om.
877 4174 948 4228 UBV
968 4172 1054 4230 τοῦΡ
1073 4187 1089 4226 a
1108 4188 1189 4235 corr„
1207 4189 1259 4227 του
1270 4187 1305 4225 m.
1319 4186 1360 4239 pr.

159 4267 191 4319 20
209 4260 290 4321 ἐῶσα
312 4260 384 4317 UBV
471 4264 500 4313 21
525 4254 744 4316 ἐσθάνεσθαιΡ
832 4262 864 4313 22
890 4249 950 4333 ὅσῳ
974 4253 1150 4328 σοφώτατον
1174 4256 1220 4310 UB
1309 4245 1413 4327 ἡγησά-

157 4367 249 4418 μενοο
266 4347 289 4401 P
307 4362 342 4401 m.
361 4361 412 4414 pr.‚
430 4344 468 4408 Y,
486 4336 662 4416 ἡγησάμενοι
678 4343 752 4398 UBV
771 4337 953 4415 ἡγησάμενον
976 4357 1045 4396 corr.
1070 4341 1100 4406 P,
1119 4356 1188 4396 corr.
1208 4338 1231 4392 T
1323 4333 1415 4396 αὑτὸν

157 4447 210 4489 om.
229 4431 304 4488 UBV
373 4431 405 4482 23
423 4424 597 4499 πὴσανταΰ
667 4433 700 4482 24
718 4424 850 4503 τοσούτῳ
867 4443 916 4497 pro
935 4431 1021 4483 τοῦτο
1040 4424 1114 4480 UBV
1175 4417 1266 4499 ἀγάρ
1284 4420 1364 4482 ἀνλί

157 4515 319 4574 πιοάῶσιλ
361 4517 392 4567 27
406 4503 542 4571 άπαντασ
554 4506 767 4588 ἀνθρώπουσλ
808 4515 840 4567 29
853 4510 1092 4579 ἐξαπατῶνται-
1105 4504 1157 4567 οὐκ
1170 4509 1289 4566 εἰδότων
1302 4526 1354 4566 om.
1365 4509 1414 4564 UT

1180 4596 1211 4646 8*
