3068 5160
594 316 730 372 ORATIO
748 317 783 374 X.
1253 320 1312 380 107

58 490 158 568 εἶναι,
182 489 288 565 εἴτις
311 486 483 571 ἐθαύμαζε
498 493 653 575 μύρμηκα
670 492 729 553 ἐπί
744 495 837 572 τάχει
845 515 856 567 ;
878 494 914 554 τί
932 490 970 554 δέ
975 516 987 568 ,·
1010 495 1041 555 εί
1060 491 1166 572 χωλοὶ
1189 487 1314 570 πάντες
1324 497 1364 559 20

56 588 145 678 ἦσαν
169 594 203 654 οί
225 597 407 677 τρέχοντες,
431 595 527 678 ἐχρῆν
552 609 588 654 σε
610 598 694 674 μέγα
719 601 870 679 φρονεῖν,
895 598 948 656 ότι
967 591 1099 674 χωλούς
1123 590 1184 679 [ού]
1204 594 1315 676 χωλὸς

56 694 195 780 έφθης;
228 702 368 757 τοιαῦτα
406 692 441 757 δέ
470 697 557 779 πρὸς
593 698 651 756 τὸν
683 697 870 779 ἀνθρωπον
901 693 1138 777 διαλεγόμενος
1166 696 1315 774 πολλούς

56 797 204 881 ἐποίησε
231 803 297 858 τῶν
328 800 507 880 παρόντων
534 806 793 883 καταφρονῆσαι
821 805 883 859 τοῦ
910 797 1125 882 πράγματος,
1162 803 1314 864 κάκεῖνον

17 888 160 961 ἐαδτδν
184 895 393 978 λυπούμενον
417 895 585 961 ἀπελθεῖν
606 901 662 961 καί
685 896 772 960 πολύ
795 903 1045 984 ταπεινότερον.
1090 909 1190 963 τοῦτο
1215 899 1250 963 δέ
1275 895 1313 964 ού
1326 904 1363 965 21

54 1001 177 1083 μικρὸν
201 1005 340 1085 παρεῖχε
363 1005 436 1074 τοῖς
459 1001 676 1084 ἀνθρώποις,
706 1004 810 1063 όπότε
833 998 903 1062 ἴδοι
931 1003 1006 1064 τινά
1035 1001 1143 1087 μάτην
1174 1005 1314 1088 ἐπαιρέ-

54 1121 159 1183 μενον
182 1103 239 1164 καί
262 1099 318 1164 διά
342 1109 480 1187 πρᾶγμα
506 1095 642 1177 οδδενδς
670 1099 766 1178 ἀξιον
789 1099 852 1179 ἔξω
876 1111 938 1164 τού
960 1109 1112 1189 φρονεῖν,
1138 1102 1315 1179 συστείλας

56 1205 118 1268 ἐπί
140 1205 246 1289 βραχύ
268 1205 324 1266 καί
346 1201 482 1289 ἀφελὼν
503 1209 622 1289 μικρόν
644 1228 678 1267 τι
700 1214 759 1290 της
782 1207 915 1282 ἀνοίας,
946 1207 1061 1290 ὥσπερ
1086 1208 1120 1267 οί
1141 1208 1182 1268 τά
1206 1227 1314 1292 πεφυ·

58 1309 189 1392 σημένα
211 1307 267 1368 καί
290 1303 446 1368 οἰδοῦντα
469 1304 625 1382 νύξαντες
647 1309 665 1392 η
692 1308 872 1382 σείσαντες.

10 1418 37 1473 10
144 1410 180 1470 ἐν
211 1405 247 1470 δέ
283 1411 389 1490 τούτῳ
426 1409 642 1488 θεασάμενος
671 1411 801 1483 ἵππους
836 1411 871 1471 έν
901 1407 949 1491 τῷ
986 1401 1075 1491 αἰτῴ
1108 1407 1313 1489 δεδεμένους,
1325 1410 1366 1471 22

57 1511 181 1572 ἔπειτα
203 1516 412 1590 μαχομένους
439 1532 475 1572 τε
503 1513 559 1573 καλ
589 1507 803 1587 λακτίζοντας
832 1513 969 1588 αὐτούς,
998 1513 1054 1573 καὶ
1082 1508 1189 1572 πολύν
1218 1508 1315 1590 ὄχλον

58 1620 294 1697 περιεστῶτας
312 1614 367 1674 καὶ
381 1613 588 1692 θεωμένους,
612 1616 676 1687 ἕως
690 1615 805 1692 καμὼν
821 1615 839 1674 δ
854 1616 968 1697 ἕτερος
982 1614 1103 1698 ἔφυγεν
1120 1610 1316 1698 ἀπορρήξας

59 1711 269 1799 προσελθὼν
299 1717 516 1799 ἐστεφάνωσε
539 1717 597 1777 τὸν
618 1721 761 1794 μένοντα
783 1717 840 1778 καί
862 1717 1077 1800 ἀνεκήρυττεν
1101 1717 1147 1789 ὡς
1166 1707 1315 1794 Ἰσθμιο-

59 1817 163 1901 νίκην,
187 1819 241 1878 ότι
264 1811 424 1892 λακτίζων
447 1819 606 1901 ἐνίκησεν.
660 1819 719 1880 ἐπί
747 1819 854 1899 τούτῳ
884 1814 989 1899 γέλως
1017 1818 1073 1878 καί
1095 1818 1246 1900 θόρυβος
1276 1813 1315 1900 ἦν

14 1928 42 1983 1⁶
59 1919 240 1996 ἁπάντων,
269 1921 324 1981 καί
345 1922 403 1981 τόν
426 1922 591 2004 Διογένην
621 1916 744 1981 πολλοὶ
771 1914 966 1999 ἐθαύμαζον
988 1920 1044 1980 καὶ
1066 1927 1132 1980 τῶν
1155 1917 1315 2004 ἀθλητῶν

59 2017 256 2102 κατεγέλων,
279 2023 337 2082 καί
358 2043 453 2096 τινας
476 2019 643 2084 ἀπελθεῖν
668 2038 773 2106 φασιν
797 2012 856 2082 οόκ
879 2018 1014 2095 ἰδόντας
1037 2013 1159 2095 αὐτούς
1175 2054 1216 2064 -
1239 2023 1316 2082 δσοι

58 2129 171 2198 κακῶς
193 2125 352 2208 ἐσκήνουν
374 2147 393 2210 η
416 2127 473 2186 καὶ
495 2127 614 2185 τούτου
637 2127 798 2208 ἠπόρουν.

10 2662 49 2717 ιι)
212 2650 260 2726 (9)
284 2645 606 2727 ΔΙΟΓΕΝΗΣ
627 2647 672 2725 Η
694 2645 845 2728 ΠΕΡΙ
871 2643 1165 2730 ΟΙΚΕΤΩΝ.

641 2801 740 2813 .-.

143 2915 276 2986 Ἀπιών
305 2942 389 2984 ποτε
412 2925 576 3006 Διογένης
605 2924 640 2983 έκ
663 2924 839 3006 Κορίνθου·
859 2911 1025 3008 Ἀθήναζε
1050 2917 1209 3002 συνέβαλε
1232 2923 1316 2983 κατά
1336 2926 1351 2986 1

60 3029 121 3113 την
153 3023 233 3088 δδύν
263 3027 312 3087 ἐνὶ
339 3031 406 3085 τῶν
435 3026 629 3108 γνωρίμων,
658 3027 714 3087 καί
736 3027 835 3110 ἤρετο
860 3031 928 3087 ποῖ
944 3027 1095 3100 άπεισιν,
1120 3025 1178 3103 ούχ
1202 3025 1317 3108 ὥσπερ

13 3136 41 3189 2
62 3130 98 3192 οί
121 3125 246 3190 πολλοί
267 3127 309 3188 τά
332 3134 472 3187 τοιαῦτα
496 3128 725 3210 ἐπερωτῶσιν,
749 3124 1019 3206 ἐπιδεικνύμενοι
1042 3130 1094 3187 ότι
1119 3128 1176 3187 οὐκ
1198 3124 1319 3206 ἀμελὲς

63 3229 193 3295 εἰδέναι
227 3231 343 3303 αὐτοῖς
376 3230 416 3290 τά
453 3230 531 3313 περὶ
567 3236 634 3290 τῶν
669 3225 795 3314 φίλων,
830 3231 950 3290 ἔπειτα
984 3230 1187 3304 ἀκούσαντες
1215 3233 1318 3309 μόνον

63 3329 326 3417 ἀπηλλάγησαν·
351 3323 426 3392 ἀλλ’
453 3332 568 3414 ὥσπερ
586 3333 619 3392 οἱ
635 3332 747 3414 ἰατροὶ
762 3331 979 3415 ἀνακρίνουσι
994 3334 1072 3406 τούς
1088 3333 1319 3407 ἀσθενοῦντας

60 3438 83 3498 ό
106 3457 140 3497 τι
158 3430 320 3514 μέλλουσι
337 3438 450 3494 ποιεῖν
467 3435 560 3494 ἕνεκα
576 3440 638 3493 τοῦ
653 3429 909 3512 συμβουλεῦσαι,
932 3434 1044 3494 καὶτὰ
1060 3436 1121 3513 μέν
1136 3431 1317 3509 κελεύουσι,

64 3538 108 3599 τὰ
132 3534 168 3599 δέ
192 3537 479 3619 ἀπαγορεύουσιν,
505 3535 610 3608 οὕτως
633 3536 801 3618 ἀνέκρινεν
824 3537 842 3595 ό
863 3536 1028 3619 Διογένης
1049 3537 1108 3596 τδν
1131 3536 1318 3618 ἄνθρωπον

17 3644 45 3697 z
63 3642 130 3716 ό,τι
160 3641 327 3722 πράττοι,·
354 3638 410 3697 καὶ
433 3636 470 3710 δς
493 3637 575 3720 ἔφη,
604 3616 838 3718 ὮΔιόγενες,
870 3639 1062 3720 πορεύομαι
1091 3638 1140 3710 είς
1162 3633 1355 3721 Δελφούς2

63 3739 112 3823 τῴ
136 3738 212 3822 θεῷ
233 3742 450 3824 χρησόμενος.
503 3734 634 3816 μέλλων
658 3734 693 3800 δέ
718 3736 774 3800 διὰ
798 3742 960 3801 Βοιωτῶν
989 3741 1086 3814 ίέναι,
1111 3739 1210 3822 όγάρ
1235 3743 1318 3812 παῖς

153 3969 216 4028 Ῑτί
232 3973 277 4028 δαί
295 3970 342 4026 UB
430 3969 550 4043 ῖέχρῆν
567 3990 600 4042 γε
618 3970 694 4026 UBV
787 3965 872 4040 &pro
892 3963 926 4028 ού
944 3971 1089 4039 Emperius
1193 3960 1317 4027 6ὃπάτ’

65 4054 121 4114 ἴδοι
137 4056 187 4112 UB
252 4059 268 4109 9
285 4051 304 4126 ἢ
322 4057 473 4122 στίξαντεσ
489 4055 537 4111 UB
555 4051 573 4128 ἢ
591 4052 752 4127 οτήσαντεσ
769 4056 794 4110 V
812 4059 959 4122 σείσαντες
976 4072 1069 4112 verum
1087 4058 1115 4110 et
1132 4054 1266 4122 integrum

67 4144 100 4197 12
116 4139 323 4212 θεομένουσῦ
395 4146 427 4194 14
444 4139 490 4197 ἐπὶ
508 4141 638 4198 τοῦτοί
710 4146 741 4194 15
760 4135 813 4197 τὸν
831 4140 923 4195 om.P
993 4140 1104 4212 διογένη
1121 4138 1184 4194 libri
1246 4133 1320 4195 πολὺ

64 4223 275 4296 ἐθαύμαζονῑ]
325 4221 536 4295 έθαύμαζωνΡ
591 4228 623 4279 16
641 4230 744 4282 πολλοὶ
761 4225 925 4298 κατεγέλων
942 4225 989 4279 ΡΥ
1052 4231 1082 4279 17
1101 4219 1119 4295 ἢ
1136 4240 1188 4279 om.
1207 4221 1282 4278 UBV

66 4315 100 4367 18
118 4311 273 4378 συνέβαλεν
290 4311 316 4365 V
404 4315 434 4366 19
453 4315 506 4381 τῆσ
525 4304 593 4367 ὁδοῦ
611 4311 658 4364 ΡΥ
744 4303 886 4382 ἡίρετοῐ]
973 4315 1004 4364 21
1025 4305 1148 4366 έπιταΡ
1222 4312 1254 4362 23
1272 4308 1319 4377 με’-

65 4397 187 4452 λουσιΡ
267 4399 298 4450 25
319 4385 371 4462 ό,τι
389 4391 546 4468 πράττοιεν
563 4395 636 4449 UBV
716 4400 747 4450 26
765 4396 859 4464 μέλλω
877 4395 950 4450 VPY
1027 4390 1097 4450 ἰέναι
1116 4385 1321 4460 σι1.,ἀπιέναι

65 4480 137 4546 libri,
155 4475 266 4539 ἀνιέναι
283 4495 332 4549 ego
351 4481 519 4536 conieceram
