3068 5160
553 338 691 394 ORATIO
708 337 837 395 XXXIII.
1263 340 1325 399 305

66 507 172 586 οὐδέν,
196 507 272 589 δίχα
295 517 357 571 τού
378 509 486 574 πολύν
508 518 653 596 κέραμον
677 512 765 575 εἶναι
789 520 1067 598 συντετριμμένον
1091 518 1125 577 ἐν
1148 512 1195 596 τῷ
1216 517 1322 595 τόπῳ.

64 613 177 672 καίτοι
198 616 292 690 μένει
313 613 355 673 τά
376 616 485 698 χωρία
507 622 574 676 τῶν
598 612 741 692 πόλεων,
766 614 812 676 ὧν
828 614 937 694 εἷπον,
959 620 1016 680 καί
1038 625 1105 680 τῶν
1120 618 1242 693 ἐθνῶν,
1268 617 1323 678 οἷα

65 714 122 774 καί
145 716 311 796 πρότερον
333 710 383 797 ἦν,
409 717 466 778 καὶ
487 719 567 790 τούς
589 719 767 795 ποταμούς
790 714 900 792 οὐδεὶς
922 716 1045 781 ἀλλοσε
1068 721 1219 802 ἔτρεψεν,
1244 710 1320 780 οὐδ’

66 813 153 876 εἴτι
175 822 329 876 τοιοῦτον
352 811 392 898 ἦν
414 820 543 901 ἕτερον·
568 809 644 878 ἀλλ’
670 821 761 897 ὅμως
783 817 829 880 ὧν
852 820 893 880 ἀν
918 818 1119 882 πολυτέλεια
1140 822 1197 882 καὶ
1211 823 1320 906 τρυφὴ

27 926 42 974 5
65 919 207 1001 άφηται,
223 919 359 991 τούτοις
375 909 434 979 οὐκ
449 920 523 980 ἔστι
539 915 646 980 πλείιο
661 922 781 1002 χρόνον
799 917 1028 1000 διαγενέσθαι.
1063 923 1106 1006 μη
1123 923 1186 1005 γάρ
1202 921 1321 984 οἴεσθε
1331 921 1372 984 28

65 1020 144 1092 τούς
176 1021 290 1102 κριούς
318 1016 403 1104 μηδὲ
432 1021 493 1094 τοὶς
525 1016 699 1094 ἑλεπόλεις
726 1023 783 1083 καὶ
810 1023 872 1095 τὰς
900 1019 1005 1095 ἀλλας
1034 1024 1185 1106 μηχανάς
1216 1025 1322 1098 οὕτως

66 1121 269 1198 ἀνατρέπειν
292 1123 338 1195 ὡς
360 1124 507 1206 τρυφήν,
532 1121 600 1183 εἴτε
623 1120 728 1206 ἀνδρα
751 1120 911 1204 βούλεταί
931 1144 985 1197 τις
1008 1127 1213 1185 πεπτωκότα
1238 1121 1322 1186 ἰδεῖν

66 1219 133 1282 εἴτε
165 1218 275 1283 πόλιν.
323 1224 360 1283 ού
391 1226 547 1302 ποταμός
573 1225 666 1284 ἐστιν
696 1221 772 1285 οὐδὲ
802 1221 922 1286 πεδίον
946 1221 1022 1286 οὐδὲ
1047 1221 1146 1309 λιμὴν
1170 1226 1189 1285 ό
1212 1233 1322 1287 ποιῶν

65 1320 248 1403 εύδαίμονα
272 1321 373 1386 πόλιν
397 1322 474 1386 οὐδὲ
494 1328 674 1409 χρημάτων
698 1323 836 1411 πλῆθος
855 1323 931 1387 ούδὲ
949 1322 1228 1410 οἰκοδομημάτων
1246 1325 1321 1389 ούδὲ

13 1434 43 1485 10
65 1426 238 1509 θησαυροὶ
259 1428 362 1502 θεῶν,
388 1426 439 1500 οῖς
463 1423 559 1488 ούδέν
582 1431 743 1511 προσέχει
761 1429 799 1487 τό
825 1423 1017 1511 δαιμόνιον·
1041 1420 1115 1489 ούδ)
1140 1431 1180 1490 ἀν
1197 1431 1246 1502 είς
1262 1430 1323 1503 τάς

67 1525 186 1600 πόλεις
208 1530 297 1601 τινὲς
318 1533 539 1612 μεταφέρωσι
561 1529 602 1589 τά
626 1531 684 1613 όρη
708 1530 765 1590 καί
786 1528 847 1602 τάς
863 1532 992 1612 πέτρας
1008 1525 1064 1605 ξύν
1080 1527 1191 1614 πολλῇ
1206 1528 1322 1592 ταλαι-

66 1631 181 1713 πωρίᾳ
204 1631 260 1690 καὶ
282 1632 405 1703 πόνοις
427 1632 483 1691 καί
504 1631 639 1714 μυρίοις
663 1626 898 1709 ἀναλώμασιν·
928 1626 1013 1691 ἀλλά
1040 1635 1243 1717 σωφροσύνη
1266 1635 1323 1695 καί

65 1738 142 1803 νούς
171 1732 245 1791 ἐστι
273 1731 315 1791 τά
346 1724 506 1813 σφ’ζοντα.
551 1740 656 1793 ταῦτα
688 1737 788 1794 ποιεῖ
812 1733 891 1804 τούς
911 1737 1104 1810 χρωμένους
1126 1736 1321 1817 μακαρίους,

64 1840 168 1893 ταῦτα
209 1838 283 1906 τοῖς
317 1833 416 1906 θεοῖς
453 1830 681 1916 προσφιλεῖς,
722 1835 794 1911 ούχί
830 1830 1017 1913 λιβανωτός
1058 1829 1134 1894 ούδέ
1178 1838 1322 1919 σμύρνα·

11 1941 40 1992 15
64 1935 195 2009 πόθεν,·
225 1932 300 1995 ούδὲ
330 1929 421 2019 ῥίζαι
449 1936 506 1995 καλ
530 1931 654 2016 δάκρυα
679 1930 823 2017 δένδρων
847 1930 924 1994 ούδὲ
948 1934 989 1994 τά
1010 1925 1127 1994 Ἰνδῶν
1149 1937 1206 2006 καὶ
1225 1928 1322 2019 Ἀρά-

64 2037 133 2115 βων
158 2038 320 2120 φρύγανα.
357 2037 453 2114 ὑμεῖς
477 2032 523 2110 δέ,
547 2036 586 2095 ἀν
609 2036 669 2113 μὲν
692 2037 728 2095 ἐκ
749 2037 849 2117 τύχης
873 2035 1062 2112 δποταμδς
1079 2033 1250 2119 μεταβάλῃ
1266 2039 1323 2099 καί
1333 2038 1372 2100 29

64 2141 128 2220 ῥυῇ
150 2134 394 2219 θολερώτερος,
418 2136 575 2214 ἄχθεσθε
597 2138 653 2198 καί
675 2138 763 2219 πρός
784 2138 864 2210 τούς
887 2142 1024 2219 πρῶτον
1045 2134 1323 2222 ἐπιδημήσαντας

67 2240 179 2299 αἰτίαν
210 2236 335 2319 λέγετε·
366 2240 424 2298 τόν
454 2235 490 2298 δέ
513 2241 642 2314 τρόπον
665 2245 724 2321 τῆς
747 2235 881 2312 πόλεως
902 2234 1156 2317 μεταβάλλοντα
1180 2242 1323 2324 δρῶντες

65 2343 122 2401 καὶ
141 2342 243 2422 χείρω
266 2342 460 2420 γιγνόμενον
482 2340 539 2400 καί
560 2343 805 2420 τεταραγμένον
828 2341 881 2402 ἀεὶ
902 2336 1028 2418 μᾶλλον
1053 2341 1090 2400 ού
1119 2338 1321 2425 φροντίζετε.

13 2453 43 2502 20
66 2440 150 2502 ἀλλά
174 2439 264 2525 ύδιορ
286 2443 347 2520 μὲν
372 2442 409 2501 ού
431 2445 535 2520 μόνον
551 2442 664 2502 πίνειν
679 2437 849 2519 βούλεσθε
864 2442 1029 2524 καθαρόν,
1053 2438 1138 2502 ἀλλά
1153 2445 1209 2505 καὶ
1225 2446 1320 2528 όροῖν·

65 2542 154 2628 ἦθος
172 2541 206 2606 δὲ
222 2544 375 2627 καθαρόν
390 2546 446 2606 καί
466 2548 603 2627 μέτριον
620 2543 658 2602 ού
682 2537 819 2626 ζητεῖτε.
908 2545 1021 2606 καίτοι
1044 2541 1209 2619 πολλάκις
1225 2547 1320 2606 ἀκού·
1332 2546 1372 2607 30

68 2648 126 2707 σαί
148 2667 248 2708 τινων
270 2647 359 2707 ἔστι·
382 2648 426 2731 μη
450 2646 512 2730 γάρ
536 2650 634 2731 ημεῖς
656 2648 756 2725 μόνοι
779 2643 1083 2730 μεταβεβλήκαμεν,
1113 2637 1189 2704 ἀλλ’
1214 2640 1322 2728 (οὐχὶ)

21 2745 186 2827 ιυσχεδδν
216 2749 383 2822 ἀπαντες;
412 2749 486 2809 ἔστι
517 2745 552 2808 δὲ
579 2754 679 2807 τοῦτο
702 2747 862 2829 καθάπερ
886 2745 921 2808 εἴ
939 2767 992 2820 τις
1014 2748 1049 2807 έν
1073 2742 1181 2826 λοιμῷ
1205 2743 1261 2807 διά
1284 2750 1322 2808 τό

65 2853 197 2923 πάντας
218 2851 237 2933 ἢ
264 2851 343 2922 τούς
367 2846 548 2922 πλείστους
570 2853 683 2909 νοσεῖν
705 2845 872 2931 μηδεμίαν
895 2845 1015 2910 ἐθέλοι
1038 2848 1224 2910 ποιεῖσθαι
1239 2853 1322 2933 πρύ-

11 2963 42 3012 25
64 2970 176 3025 νοιαν,
204 2952 291 3010 ὥστε
315 2953 415 3022 αύτδς
437 2951 616 3028 ὑγιαίνειν,
639 2970 658 3033 η
683 2951 720 3034 νη
744 2951 814 3010 Δία
837 2951 872 3011 ἐν
894 2947 1049 3034 θαλάττῃ
1070 2944 1321 3030 χειμαζόμενος,

66 3052 186 3111 ἔπειτα
210 3053 342 3124 πάντας
366 3053 452 3133 δρῶν
475 3052 554 3123 τούς
576 3051 610 3110 ἐν
634 3058 675 3133 τῇ
697 3052 752 3133 νηί
772 3048 1025 3126 κινδυνεύοντας
1046 3049 1171 3131 ἀμελοῖ
1181 3059 1241 3135 τῆς
1258 3068 1321 3112 σω-

65 3154 193 3236 τηρίας.
232 3154 266 3212 τί
289 3150 326 3213 δέ
333 3175 344 3227 ,·
367 3153 407 3212 ἀν
430 3148 507 3224 όλος
529 3147 737 3235 καταδύηται
761 3148 891 3228 στόλος,
916 3150 972 3214 διά
999 3161 1098 3214 τοῦτο
1114 3154 1214 3238 ἧττόν
1229 3156 1322 3215 ἐστιν

65 3257 196 3315 ἀτοπυν
219 3256 256 3314 τδ
282 3250 482 3333 ξυμβαῖνον;

148 3348 197 3416 (τί
220 3356 277 3416 σύν
294 3357 528 3438 ἁμαρτάνομεν
544 3344 671 3438 ημεῖς,·’
700 3355 742 3414 τά
757 3357 818 3433 μὲν
834 3351 919 3415 ἀλλα
943 3356 997 3415 ἐῶ.
1042 3353 1173 3436 γελοῖον
1196 3360 1268 3440 γάρ,
1292 3355 1371 3420 εἴ31

13 3471 44 3520 30
66 3480 118 3532 τις
141 3461 228 3541 πρός
251 3461 309 3519 τόν
332 3454 419 3530 όλως
443 3457 500 3517 ούκ
522 3458 750 3535 ἐπιστάμενον
772 3450 979 3539 κιθαρίζειν,
1010 3457 1130 3518 ἔπειτα
1160 3459 1207 3531 ὡς
1229 3459 1322 3536 ἔτυχε
1423 3454 1428 3458 ’

64 3563 246 3644 κρούοντα,
276 3561 450 3641 ἐπιχειροῖ
473 3555 579 3639 λέγειν
602 3560 666 3634 ό,τι
689 3559 835 3641 ἥμαρτεν
857 3559 876 3641 η
900 3558 975 3618 τίνα
1001 3558 1155 3641 φθόγγον
1179 3561 1321 3645 παρέβη.

151 3730 165 3777 3
180 3718 273 3781 obicio
285 3720 377 3781 ἀλλοσ
388 3722 458 3786 libri,
471 3736 541 3776 corr.
552 3720 653 3774 Reiske
703 3725 718 3774 5
731 3718 768 3791 μὴ
781 3716 837 3791 γὰρ
851 3715 949 3776 οἴεσθε
960 3735 1012 3774 om.
1023 3719 1053 3773 M
1106 3723 1250 3794 ύκρείουσ
1259 3723 1289 3777 M

66 3816 80 3863 1
100 3807 268 3866 πεπτοκότα
288 3810 310 3862 Β
384 3812 398 3861 8
416 3807 481 3861 fort.
500 3803 557 3863 εἴτε
575 3802 641 3875 (ἐς)
662 3800 752 3876 ἀνδρα
822 3808 886 3858 ante
905 3797 939 3861 ού
957 3804 1174 3859 coniunctionem
1192 3807 1322 3874 desidero,

66 3910 89 3948 e.
107 3910 146 3962 gr.
161 3888 252 3964 (εἷεν)
305 3897 338 3947 14
357 3885 422 3949 οόδὲ
440 3888 586 3963 ομύρναΤ
606 3881 669 3946 οὐδ’
687 3882 828 3961 ἥσμόρνα
846 3888 930 3944 ceteri
983 3892 1014 3941 15
1033 3882 1069 3944 τὰ
1088 3889 1178 3944 om.T
1231 3884 1323 3964 α’ρρά·

65 3979 169 4051 βωνΤ
223 3983 252 4032 17
272 3974 484 4049 θολότεροσΤ
537 3971 683 4046 ἄχθεσθαι
700 3973 731 4027 Μ
790 3973 989 4045 καί-λέγετε
1008 3975 1137 4042 corrupta
1191 3979 1221 4029 18
1239 3995 1324 4044 μετα-

65 4060 231 4137 βαλόνταΤ
287 4061 555 4133 19φροντίζεταιΜ
608 4064 639 4114 20
653 4056 800 4115 πείνεινΜ
850 4054 1010 4130 βούλεσθαι
1019 4057 1049 4110 Μ
1102 4061 1129 4112 21
1146 4061 1199 4115 καί
1209 4061 1272 4115 τιΤ

66 4153 99 4203 22
116 4143 234 4219 δμεῖσΤ
304 4141 369 4203 ἀλλ’
387 4142 481 4216 <οὖχί>
492 4142 598 4212 scripsi,
617 4137 687 4201 ἀλλὰ
700 4141 763 4195 libri
832 4145 864 4196 25
883 4136 991 4199 αὐτοὺσ
1002 4143 1057 4198 ΜΤ
1127 4147 1159 4197 26
1180 4139 1237 4220 δρᾷ
1253 4145 1323 4210 libri,

67 4250 136 4289 corr.
157 4233 266 4288 Geelius
340 4225 441 4301 ἀμέλοι
458 4231 489 4285 Μ
506 4222 645 4298 ἀμελεῖΤ
721 4228 752 4280 27
771 4226 801 4282 τί
818 4229 863 4282 δαί
880 4227 954 4282 UBT
1032 4231 1064 4282 29
1083 4220 1148 4284 ἀλλ’
1166 4228 1197 4283 Μ
1265 4233 1324 4287 πᾶν

66 4335 117 4388 pro
134 4313 191 4389 γὰρ
204 4318 234 4370 Μ
303 4321 333 4370 31
354 4314 526 4388 ἐπιχειρεῖΤ
596 4311 689 4384 ἤτινα
701 4310 772 4378 libri,
789 4305 808 4383 ἢ
825 4312 890 4367 τίνα
902 4311 1003 4368 Reiske
1072 4315 1212 4382 exspecto:
1232 4313 1324 4386 λέγειν

65 4403 169 4474 (μηδὲν
187 4399 377 4474 παραλιπὼν)
394 4402 436 4456 vel
453 4399 565 4456 similia:
589 4412 651 4452 nam
669 4397 784 4452 omnia
801 4395 866 4451 vitia
883 4396 932 4452 tali
950 4396 1108 4452 citharistae
1124 4397 1245 4454 indicare
1256 4399 1324 4455 velle

66 4487 210 4541 ridiculum
280 4482 421 4558 φθόγγων
442 4485 472 4539 Μ

119 4580 202 4623 11101
1084 4572 1116 4622 10
