3068 5160
609 338 745 394 ORATIO
763 339 823 394 Vll.
1282 339 1342 398 209

91 514 147 598 ἀέη
173 518 257 576 ποτέ
281 517 300 599 ἢ
326 512 502 600 φύλλωνῆ
527 511 629 575 ἀλλου
654 517 792 575 ὁτουοῦν
815 521 881 575 τῶν
904 513 992 576 πάνυ
1024 511 1178 599 φαύλων,
1210 511 1285 592 ἀίχα
1310 512 1345 575 ab
1365 516 1426 578 106

89 615 212 690 ύύατος
234 618 275 677 τά
291 614 376 677 ἀλλα
395 619 574 695 σύμπαντα
598 611 848 697 ἀναγκάζωνται
873 609 1064 696 λαμβάνειν,
1087 618 1187 702 τιμην
1208 637 1345 679 κατατι-

89 720 226 794 θέντες,
256 721 315 780 ἀτε
340 717 477 782 πάντων
499 715 787 798 κατακλειομένων
808 718 864 779 καί
886 714 1029 800 μηδενὸς
1051 721 1199 798 ἐνμέσῳ
1225 738 1345 804 φαινο-

88 826 189 899 μένου
220 819 307 906 πλην
336 842 372 904 γε
402 821 498 901 οἶμαι
520 827 587 882 τῶν
610 822 669 882 ἐπί
699 817 826 903 πράσει
849 816 984 879 πολλῶν
1006 821 1063 881 καί
1084 822 1214 898 τιμίων.
1260 819 1344 900 τάχα

59 936 73 983 5
88 924 149 1006 γὰρ
175 929 334 1008 φανεῖται
353 920 503 1003 χαλεπὸν
525 925 668 1004 τοιούτῳ
692 923 755 1003 βίφ
775 918 923 1005 διαρκεῖν
938 918 1043 1005 μηύέν
1058 918 1139 982 ἀλλο
1155 931 1263 1007 κτῆμα
1280 920 1344 999 ἔξω

10 1034 151 1092 σεωτοῦ
173 1028 330 1104 σώματος
346 1029 574 1109 κεκτημένους,
598 1020 709 1098 άλλως
731 1044 766 1084 τε
790 1025 870 1084 ὅταν
891 1025 936 1107 μη
960 1025 998 1083 τὸ
1021 1026 1118 1101 τυχὸν
1141 1026 1237 1108 ἔργον
1258 1023 1344 1108 μηδὲ

91 1119 201 1188 πάνθ’
229 1129 356 1207 ὁμοίως
380 1124 658 1208 συμβουλεύωμεν
681 1126 813 1202 αὐτοῖς,
843 1126 926 1187 ὅθεν
956 1126 1029 1186 ἔστι
1057 1122 1228 1208 κεράἀναι·
1259 1128 1345 1188 ὥστε
1365 1128 1424 1188 107

90 1228 173 1302 ἴσως
202 1229 539 1313 ἀναγκασθησόμεθα
569 1224 720 1308 ἐκβαλεῖν
749 1229 785 1288 ἐκ
812 1233 879 1288 τῶν
908 1224 1042 1288 πόλεων
1071 1226 1118 1309 τῴ
1149 1225 1233 1310 λόγῳ
1265 1231 1345 1304 τούς

89 1333 245 1411 κομψούς
261 1335 417 1415 πένητας,
442 1331 495 1391 ἵνα
512 1335 710 1414 παρέχωμεν
726 1327 773 1409 τῴ
790 1329 863 1390 ἀντι
877 1320 961 1388 καθ’
975 1321 1122 1413 (Όμηρον
1145 1330 1205 1404 τάς
1228 1328 1347 1404 πόλεις

40 1444 68 1493 10
90 1433 128 1494 εύ
153 1434 379 1507 ναιεταώσας,
407 1433 475 1492 ἀπὸ
504 1435 615 1511 μύνιον
644 1437 711 1492 τῶν
739 1432 913 1515 μακαρίων
944 1432 1156 1510 οἰκουμένας,
1186 1434 1280 1506 ἐντύς
1309 1429 1345 1493 ἀὲ

90 1536 220 1612 τείχους
244 1530 361 1594 ούάένα
385 1531 540 1612 ἐάσομεν,
564 1535 610 1607 ὡς
632 1534 749 1608 ἔοικεν,
772 1529 953 1615 ἐλεύθερον
976 1530 1126 1616 ἐργάτην.
1166 1530 1250 1594 ἀλλά
1266 1536 1345 1607 τούς

90 1638 265 1708 τοιούτους
281 1637 435 1709 ἅπαντας
451 1637 485 1696 τί
501 1629 668 1718 δράσομεν
676 1657 688 1710 ,·
709 1636 728 1719 ἢ
754 1631 1015 1719 διασπείραντες
1034 1635 1069 1695 ἐν
1092 1643 1133 1718 τῇ
1152 1637 1246 1719 χώρη
1268 1657 1345 1696 κατ-

91 1744 276 1815 οικιοῦμεν,
315 1731 476 1820 καθάπερ
504 1728 710 1821 Ἀθηναίους
746 1739 832 1820 φασί
861 1738 1030 1814 νέμεσθαι
1066 1727 1148 1798 καθ’
1180 1734 1258 1821 ύλην
1287 1740 1347 1823 την

88 1831 239 1924 Ἀττικὴν
267 1841 305 1900 τὸ
338 1836 502 1914 παλαιόν,
538 1843 594 1902 καί
630 1834 734 1900 πάλιν
760 1839 900 1922 ὕστερον
930 1840 1197 1922 τυραννήσαντος
1226 1840 1346 1901 Πεισι-

41 1953 67 2002 15
92 1936 254 2023 στράτου;
277 1940 394 2000 ούκουν
419 1937 494 2000 ούάἐ
511 1942 651 2014 ἐκείνοις
670 1937 900 2024 ἀξύμφοροςη
918 1943 1056 2024 τοιαύτη
1075 1936 1189 2001 ἀίαιτα
1206 1941 1346 2020 ἐγένετο,
1367 1940 1427 2002 108

93 2041 168 2103 ούύὲ
185 2044 333 2122 ἀγεννεῖς
347 2043 460 2124 ἤνεγκε
486 2044 606 2125 φύσεις
630 2037 790 2117 πολιτῶν,
814 2038 899 2100 ἀλλά
923 2039 969 2122 τηῖ
994 2043 1097 2102 παντί
1118 2037 1271 2121 βελτίους
1293 2044 1348 2103 καί

94 2146 390 2227 σωφρονεστέρους
419 2149 486 2202 τῶν
515 2144 550 2203 ἐν
580 2145 677 2205 ἀστει
699 2147 915 2227 τρεφομένων
938 2144 1077 2225 ὕστερον
1100 2139 1348 2226 ἐκκλησιαστῶν

92 2246 147 2305 καὶ
171 2241 337 2305 δικαστῶν
359 2245 416 2304 καί
437 2248 669 2326 γραμματέων,
697 2245 806 2328 ἀργῶν
829 2246 898 2323 άμα
920 2246 976 2306 καί
997 2246 1184 2324 βαναύσων.
1231 2245 1348 2305 ούκουν

95 2348 112 2406 ύ
135 2343 286 2419 κίνάυνος
308 2350 411 2427 μέγας
435 2343 511 2408 ούάἐ
531 2343 690 2424 χαλεπός,
714 2348 745 2407 εί
768 2341 893 2421 πάντες
909 2345 1003 2408 οὗτοι
1017 2349 1074 2409 καί
1092 2341 1203 2408 πάντα
1220 2349 1349 2430 τρόπον

42 2458 72 2507 1ο
94 2450 247 2530 ἄγροικοι
275 2448 426 2508 ἔσονται·
458 2445 555 2526 οἶμαι
584 2437 616 2508 (l'
649 2450 739 2526 ὅμως
769 2449 890 2523 αύτούς
915 2449 972 2510 οὐκ
1002 2450 1190 2533 ἀπορήσειν
1214 2440 1290 2510 οὐδὲ
1314 2451 1349 2509 ἐν

94 2552 190 2610 ἀστει
213 2558 350 2634 τροφῆς.

179 2647 263 2711 ἀλλά
295 2648 419 2730 ἴάωμεν
449 2655 541 2713 πόσα
570 2656 627 2715 καί
656 2655 740 2713 ἅττα
765 2655 970 2735 πράττοντες
993 2655 1152 2725 ἐπιεικῶς
1173 2656 1252 2732 ημῖν
1276 2649 1348 2711 ἀιά-
1369 2653 1428 2714 1119

94 2751 224 2829 ξουσιν,
255 2753 309 2814 ῖνα
331 2755 375 2838 μὴ
402 2750 565 2825 πολλάκις
588 2754 851 2833 ἀναγκασθῶσιν
874 2755 971 2837 ἀργοὶ
992 2754 1181 2838 καθήμενοι
1205 2755 1291 2836 πρός
1314 2774 1348 2813 τι

94 2863 160 2915 τῶν
185 2851 323 2938 φαύλων
346 2863 526 2939 τραπῆναι.
566 2857 601 2915 αἱ
616 2857 677 2934 μέν
696 2853 734 2940 (lb
762 2858 940 2934 σύμπασαι
961 2857 1045 2917 κατά
1069 2852 1170 2917 πόλιν
1193 2856 1349 2939 ἐργασίαι

42 2966 71 3014 15
93 2959 147 3016 καὶ
176 2961 289 3034 τέχναι
319 2953 444 3017 πολλαί
471 2958 527 3017 καί
556 2954 794 3032 παντοδαπαί,
823 2955 956 3042 σφόδρα
986 2980 1021 3020 τε
1051 2954 1236 3031 λυσιτελεῖς
1259 2958 1349 3018 ἔνιαι

95 3063 166 3130 τοῖς
186 3061 383 3140 χρωμένοις,
407 3059 465 3118 ἐάν
488 3078 540 3131 τις
562 3059 600 3118 τὸ
625 3054 795 3132 λυσιτελὲς
819 3068 929 3142 σκοπῇ
953 3063 1039 3144 πρὸς
1062 3062 1229 3144 ἀργύριον.
1276 3061 1349 3120 ὀνο·
1368 3062 1428 3121 110

95 3162 202 3236 μάσαι
226 3155 261 3218 ύέ
286 3158 389 3232 αύτάς
412 3161 527 3232 πάσας
548 3159 633 3219 κατά
655 3164 757 3242 μέρος
781 3161 818 3219 ού
841 3158 962 3243 ῥηίδιον
986 3158 1042 3222 ἀιά
1071 3163 1109 3221 τὸ
1134 3159 1272 3248 πλῆθος
1293 3164 1350 3222 καί

95 3263 153 3344 την
176 3260 324 3320 ἀτοπίαν
348 3261 405 3338 ούχ
427 3260 536 3344 ἦττον.
576 3261 693 3322 ούκούν
708 3258 764 3322 rie
780 3262 932 3345 εἰρήσθω
949 3265 1029 3346 περὶ
1044 3264 1152 3325 αύτῶν
1175 3267 1210 3325 ἐν
1232 3266 1354 3348 βραχεῖ

98 3364 203 3441 ψόγος
232 3382 268 3422 τε
296 3363 352 3423 καὶ
380 3363 531 3436 ἔπαινος.
576 3366 656 3424 ὅσαι
683 3365 744 3441 μέν
774 3366 906 3443 σώματι
927 3361 1090 3448 βλαβεραὶ
1113 3368 1199 3449 πρὸς
1224 3367 1350 3446 ύγίειαν

42 3465 112 3547 3οἢ
138 3465 224 3546 πρὸς
251 3464 346 3540 ίσχύν
375 3465 433 3549 την
463 3457 648 3550 ἱκανηνάί
682 3466 799 3549 ἀργίαν
827 3485 862 3525 τε
892 3468 948 3527 καί
977 3463 1177 3549 ἐύραιύτητα
1207 3488 1225 3549 η
1260 3473 1350 3548 ψυχῇ

95 3567 329 3649 ἀσχημοσύνην
348 3586 383 3627 τε
405 3568 461 3628 καί
484 3563 723 3650 ἀνελευθερίαν
746 3568 957 3629 ἐντίκτουσαι
974 3568 993 3652 ’ἢ
1011 3565 1121 3641 ἄλλως
1143 3569 1273 3649 ἀχρεῖοι
1295 3567 1351 3626 καί

96 3669 181 3746 πρὸς
205 3663 301 3728 οὐδέν
325 3665 449 3752 ὄφελός
472 3671 558 3730 είσιν
581 3670 760 3753 εὑρημέναι
784 3659 831 3729 δι’
863 3665 1058 3753 ἀβελτερίαν
1085 3671 1198 3730 τεκαὶ
1220 3670 1350 3752 τρυφην

182 3908 193 3954 1
215 3903 288 3960 norb
308 3907 356 3959 real
379 3899 493 3974 φύλλων
511 3903 533 3955 Β
551 3903 618 3958 Ven.
724 3907 739 3956 2
758 3897 969 3975 ἀναγκάζονται
991 3904 1064 3970 libri,
1090 3919 1159 3959 corr.
1181 3902 1282 3958 Reiske

95 3991 110 4041 3
128 3989 313 4057 φαινομένων
331 3989 441 4056 Ρίιοτς.
456 3987 641 4058 φαινομένου)
695 3993 711 4040 4
730 3985 804 4059 τάχα
821 3983 878 4060 γὰρ
897 3984 933 4045 ἀν
950 3990 1020 4054 libri,
1039 3983 1075 4045 ἀν
1093 3987 1203 4043 seclusit
1215 3988 1297 4043 Dind.

95 4062 340 4128 σύτανοω.ΠΒ
410 4070 546 4128 Sinum.
565 4072 614 4127 ΠΒ
682 4069 818 4144 θίναμὴ
837 4073 916 4128 UBM
992 4079 1020 4128 11
1041 4076 1093 4128 τοῦ
1111 4073 1299 4144 τείχουσῐίΜ

96 4149 177 4213 οὐδέν
201 4158 279 4212 UBM
381 4154 513 4226 ἐάσωμεν
534 4157 613 4212 ΠΒΜ
719 4161 748 4211 13
779 4161 850 4229 φασί
877 4174 929 4212 om.
954 4157 1034 4212 UBM
1139 4162 1170 4212 14
1197 4155 1352 4230 τνρανήσο·

94 4259 148 4306 μιν
164 4242 186 4296 P
205 4245 238 4308 (P)
329 4249 359 4297 15
381 4239 499 4315 τοιαύτη
522 4243 622 4298 0m‚U
693 4247 723 4297 17
747 4241 1039 4315 σοφρονεστέρουσΡ
1112 4245 1141 4296 18
1165 4235 1265 4315 ἀργῶν
1283 4243 1351 4297 Her-

96 4325 200 4379 werden
219 4320 318 4384 ἀστῶν
335 4329 408 4394 PW,
437 4323 534 4386 αὐτῶν
551 4327 646 4392 ceteri,
671 4331 783 4384 ναυτῶν
800 4328 943 4396 Εωρετίαε
1031 4331 1062 4381 28
1081 4325 1113 4382 έν
1134 4333 1240 4401 βραχεῖ
1257 4344 1309 4383 om.
1329 4329 1351 4382 P

92 4409 151 4472 (sed
168 4411 228 4466 add.
248 4418 395 4480 corrector)
465 4419 497 4468 29
517 4409 653 4482 σάματοσ
671 4414 692 4466 Ρ
762 4409 859 4485 ύγείαν
881 4413 942 4466 libri
1012 4417 1043 4464 30
1066 4415 1157 4482 φυχῆσ
1181 4413 1257 4480 libri,
1280 4429 1350 4468 corr.

93 4494 158 4549 Wil.
229 4501 258 4551 31
279 4497 458 4556 ἐντίκτουσαι
476 4499 551 4563 Wil,
568 4496 728 4554 ἐντίκτουσι
747 4499 808 4552 libri

145 4591 203 4634 DIO.
218 4592 236 4634 l.
1115 4587 1146 4638 14
