3068 5160
129 331 233 386 XXXX
608 331 898 387 PROLEGOMENA.

130 507 217 571 tione
238 511 305 570 tum
327 505 454 590 inipso
476 510 567 570 textu
589 504 811 572 constituendo
826 526 927 591 opera
948 510 980 572 et
1002 506 1137 573 consilio
1155 506 1240 572 mihi
1262 514 1393 592 praesto

130 607 267 674 fuerunt.
304 608 352 673 Ac
366 613 495 692 praeter
509 606 776 674 bibliothecarum
791 627 864 673 cum
878 607 1138 675 vindobonensis
1153 614 1225 674 tum
1249 610 1392 676 maxime

130 711 315 776 Italicarum
344 707 524 794 praefectos
553 709 761 792 clarissimos,
796 710 853 792 qui
887 709 931 775 ad
959 710 1127 776 thesauros
1156 729 1236 776 suos
1266 709 1391 777 aditum

131 812 209 877 mihi
231 812 457 896 permiserunt,
487 830 683 896 magnopere
705 830 756 876 me
778 811 841 877 sibi
864 811 1094 893 devinxerunt,
1123 810 1296 879 codicibus
1320 833 1391 880 mea

59 928 66 943 ⁴
130 933 230 979 causa
255 914 308 980 vel
336 911 546 998 inspiciendis
573 914 626 980 vel
654 912 894 997 comparandis,
923 914 1052 981 Aeneas
1074 912 1291 979 Piccclomini
1321 935 1390 1000 pro

132 1017 233 1084 sessor
253 1017 425 1099 Romanus,
449 1015 642 1081 Franciscus
665 1013 810 1097 Cumont,
835 1016 874 1082 Ο.
890 1014 1002 1081 Ountn.

212 1119 252 1184 In
279 1118 423 1203 plagulis
449 1136 525 1183 vero
554 1116 752 1199 corrigendis
780 1116 953 1183 Udalricus
982 1117 1022 1184 de
1043 1117 1264 1183 Wilamcwitz
1299 1139 1390 1204 prae

129 1228 238 1306 ceptor
266 1219 494 1286 dilectissimus
522 1217 693 1284 Eduardus
722 1218 888 1284 Schwartz
916 1219 1040 1286 amicus
1065 1225 1098 1286 et
1124 1239 1231 1304 nuper
1260 1221 1390 1307 collega

128 1331 195 1390 tarn
210 1329 339 1389 strenue
354 1341 405 1387 me
420 1320 621 1403 adiuverunt,
644 1327 680 1386 ut
700 1325 787 1386 totus
808 1320 876 1386 fere
897 1320 980 1387 liber
1007 1321 1091 1387 alius
1114 1319 1282 1388 evaderet.
1332 1324 1390 1390 Tot

129 1445 218 1491 meas
245 1425 446 1490 coniecturas
473 1421 751 1507 improbaverunt,
780 1427 827 1488 tot
848 1443 925 1489 suas
952 1422 1031 1487 mihi
1061 1421 1298 1507 probaverunt.
1345 1426 1389 1492 Ac

129 1532 285 1612 quantum
306 1526 388 1592 haec
408 1525 524 1590 Dionis
546 1523 645 1591 editio
672 1525 784 1590 horum
807 1525 947 1590 virorum
969 1524 1113 1607 utrique,
1143 1525 1292 1593 maxime
1315 1546 1389 1594 vero

128 1629 377 1694 Wilamowitzic
406 1626 537 1708 debeat,
572 1646 613 1693 ex
641 1626 715 1711 ipsa
743 1625 951 1692 adnotatione
965 1625 1194 1710 intelligetur,
1224 1626 1390 1714 frequenti

129 1751 238 1798 corum
260 1729 421 1796 mentione
442 1727 569 1794 referta.
614 1727 737 1807 Quodsi
764 1727 893 1815 quando
925 1725 1060 1811 accidit,
1090 1733 1126 1793 ut
1152 1727 1205 1795 his
1228 1730 1314 1798 viris
1338 1731 1390 1798 tri·

129 1834 260 1901 buerem
282 1833 498 1911 coniecturas,
528 1849 613 1914 quae
634 1831 700 1896 iam
722 1829 763 1896 ab
786 1832 860 1897 aliis
882 1831 960 1896 viris
987 1829 1090 1896 doctis
1111 1831 1266 1914 prolatae
1289 1839 1389 1917 erant,

127 1943 257 2023 propter
281 1934 520 2002 festinationem
542 1933 747 2018 plagulamm
762 1931 1024 2016 corrigendorum
1040 1936 1212 2015 peccatum
1229 1953 1308 2004 esse
1329 1936 1390 2004 rati

130 2039 259 2104 veniam
282 2037 360 2102 mihi
382 2035 533 2102 habento.
