3068 5160
581 313 717 370 ORATIO
735 315 834 370 XXXI.
1271 317 1332 376 239

75 484 120 554 ἵν’
147 489 258 577 εἰδῆτε
282 493 507 576 παραθέντες,
531 494 561 553 εί
582 488 734 552 καθόλου
757 492 836 564 τοὺς
858 494 1034 565 τοιούτους
1056 489 1152 568 ἀξιύν
1168 495 1242 554 ἐστι
1264 514 1332 556 τοι·

76 591 176 656 οῦτόν
199 614 233 655 τι
256 598 379 655 ποιεῖν.
418 595 502 674 μετά
517 595 579 678 γάρ
596 595 654 655 τόν
679 601 794 678 συνεχῆ
814 595 870 655 καί
884 597 1010 677 μακρδν
1026 596 1151 656 ἐκεῖνον
1163 586 1334 675 Ῥωμαίων

76 693 237 776 πόλεμον,
263 689 300 756 δν
324 697 411 780 πρδς
433 693 597 781 ἀλλήλους
620 693 846 780 ἐπολέμησαν,
870 699 925 757 ότε
939 697 1017 775 ὑμῖν
1033 697 1197 781 ἀτυχῆσαι
1214 698 1332 782 συνέβη

77 796 134 859 διδ
158 800 217 882 τήν
240 799 328 881 πρὸς
350 800 408 861 τόν
433 795 538 884 δῆμον
561 798 711 875 εύνοιαν,
734 794 852 882 ἐπειδή
879 803 986 882 πέρας
1009 796 1075 876 εἶχε
1098 798 1139 859 τά
1164 795 1256 860 δεινοὶ
1279 802 1335 862 καὶ

35 915 49 962 5
77 897 203 974 πάντες
226 890 333 982 ιβοντο
359 901 554 977 σεσῶσθαι,
584 897 745 985 καθάπερ
771 901 806 961 ἐν
828 904 905 973 ταῖς
927 897 1089 980 μεγάλαις
1112 898 1229 975 νόσοις
1252 899 1334 963 πολ-

77 1000 171 1075 λάκις
195 999 309 1064 δεινοῦ
330 1021 422 1076 τινος
445 999 562 1086 ἐδέησε
591 1003 829 1088 βοηθήματος,
858 1004 915 1064 καί
942 999 1020 1064 τότε
1047 998 1141 1078 ἔδοξε
1164 1004 1205 1064 τά
1229 1002 1334 1088 πράγ-

75 1125 165 1184 ματα
190 1099 299 1188 ζητεῖν
322 1107 481 1189 τοιαύτην
505 1101 759 1183 ἐπανόρθωσιν.
798 1105 881 1166 όθεν
904 1102 1010 1166 πάσιν
1026 1101 1135 1188 ἐδόθη
1159 1110 1232 1179 τοῖς
1255 1102 1335 1180 ἔξω·

75 1208 140 1269 θεν
161 1214 268 1291 χρεῶν
291 1208 425 1291 ἀφεσις.
464 1207 619 1286 ἀσμένως
635 1204 670 1269 δέ
695 1199 805 1268 αὑτῶν
829 1211 1048 1290 προσεμένων
1063 1208 1172 1268 καὶτὸ
1197 1215 1334 1291 πρᾶγμα
1346 1206 1386 1267 67

78 1306 207 1393 δωρεὰν
229 1313 457 1393 ήγησαμένων,
480 1307 582 1389 μόνοι
604 1316 671 1370 τῶν
694 1306 805 1370 ἀλλων
827 1311 923 1388 ὑμεῖς
946 1311 1003 1370 ούκ
1023 1306 1200 1385 ἐδέξασθε,
1222 1311 1336 1372 καίτοι

26 1423 54 1473 1ο
77 1421 136 1498 τῆς
159 1408 320 1485 ἁλώσεως
342 1403 429 1490 ὑμῖν,
453 1413 537 1495 ὑπερ
561 1412 657 1495 ἔφην,
681 1413 760 1494 ἄρτι
774 1415 991 1496 γεγενημένης
1008 1413 1065 1473 καὶ
1079 1419 1146 1473 τῶν
1163 1408 1336 1491 πολεμίων

77 1516 112 1576 ἐν
136 1522 176 1599 τῆ
200 1510 301 1574 πόλει
323 1513 384 1586 τάς
414 1514 523 1586 οίκίας
551 1509 656 1592 μόνον
685 1509 863 1574 είακότων·
892 1504 968 1573 ἀλλ’
1000 1515 1091 1592 όμως
1120 1510 1229 1576 δεινόν
1258 1517 1336 1594 ὑμῖν

77 1613 172 1692 ἔδοξε
201 1618 239 1676 τό
269 1616 304 1674 ἐν
336 1615 445 1694 ὁποίῳ
475 1612 602 1699 δήποτε
624 1613 731 1698 καιρῷ
755 1615 952 1700 παραβῆναί
973 1636 1008 1676 τι
1030 1622 1096 1676 τῶν
1121 1612 1259 1678 δικαίων
1281 1619 1337 1678 καί

79 1714 135 1778 διδ
158 1718 220 1790 τὰς
245 1717 423 1801 συμφοράς
445 1717 507 1790 τὰς
528 1714 786 1798 καταλαβούσας
815 1718 866 1777 ἔτι
894 1718 951 1776 καί
978 1719 1037 1802 τήν
1066 1719 1184 1779 πίστιν
1207 1715 1336 1780 ἀνελεῖν

77 1823 136 1906 τήν
160 1811 245 1903 παρ’
273 1821 406 1892 αὑτοῖς·
435 1821 492 1880 καί
513 1816 619 1880 τάλλα
643 1816 755 1880 πάντα
775 1809 953 1898 Ῥωμαίοις
976 1825 1256 1902 παραχωροῦντες
1279 1811 1337 1881 οὑκ

26 1934 55 1984 16
78 1918 246 2005 ήξιώσατε
268 1911 354 1981 καθ’
380 1921 415 1981 ἓν
430 1927 530 1981 τοῦτο
547 1929 804 2004 παραχωρῆσαι,
828 1922 866 1980 τδ
883 1915 987 2003 μηδὲν
1004 1921 1141 2003 αίσχρδν
1158 1921 1337 2002 αἱρεῖσθαι

76 2020 215 2106 κέρδους
238 2026 341 2083 ἕνεκα.
388 2021 434 2083 ὧν
455 2023 518 2105 γάρ
542 2021 639 2101 οἶμαι
668 2024 727 2106 τήν
756 2023 890 2082 ἐκείνων
920 2017 1022 2082 πόλιν
1053 2020 1178 2105 ἑωρᾶτε
1207 2022 1251 2105 μή
1284 2004 1387 2083 δε-68

79 2126 226 2208 ηθεῖσαν
251 2117 298 2186 δι’
325 2125 445 2208 ἀρετήν
469 2126 538 2203 άμα
560 2126 617 2185 καὶ
639 2115 807 2202 εὑτυχίαν,
837 2126 957 2184 τούτου
987 2124 1046 2207 τήν
1069 2125 1231 2206 ὑμετέραν
1255 2125 1338 2185 ἀπε-

80 2229 208 2311 φήνατε
230 2229 274 2311 μή
301 2224 460 2312 δεομένην
484 2223 540 2290 διά
563 2224 669 2310 μόνην
691 2228 750 2311 τήν
773 2227 902 2310 ἀρετήν.
1012 2217 1050 2288 οὑ
1075 2228 1189 2288 τοίνυν
1213 2227 1338 2311 φήσετε

80 2326 229 2406 ἔλαττον,
253 2327 279 2388 ὦ
304 2326 424 2412 ἀνδρες
442 2319 581 2404 Ῥόδιοι,
605 2330 664 2413 τήν
684 2326 783 2412 χάριν
807 2324 1014 2412 ὀφείλεσθαι
1037 2332 1110 2402 τοῖς
1132 2327 1171 2389 εὑ
1191 2347 1337 2412 πεποιη-

27 2442 55 2491 20
82 2428 179 2492 κόσιν
202 2419 223 2515 ἢ
245 2435 318 2504 τοῖς
343 2428 552 2512 συμβαλοῦσι
574 2432 612 2491 τό
633 2435 741 2515 χρέος.
783 2428 856 2491 εἶτα
879 2431 917 2492 τό
940 2431 1001 2509 μέν
1022 2433 1066 2515 μή
1092 2426 1230 2503 ἑκόντας
1253 2431 1337 2491 ἐκτί-

81 2553 149 2594 νειν
172 2533 214 2593 τὰ
238 2530 444 2617 ὀφειλόμενα
468 2529 577 2594 δεινόν
600 2533 678 2612 ὑμῖν
701 2529 812 2608 ἔδοξε,
843 2533 880 2592 τό
905 2528 940 2592 δέ
964 2529 1159 2606 ἀποδόντας
1181 2533 1338 2616 ἀφαιρεῖ-

85 2636 172 2696 σθαι
186 2640 333 2719 μέτριον.
373 2627 410 2697 ού
434 2636 496 2720 γδρ
514 2632 552 2720 δή
577 2638 615 2697 τό
638 2635 723 2716 μετὰ
747 2632 884 2696 πάντων
908 2635 1110 2717 ἀσχημονεῖν
1133 2641 1195 2695 τοῦ
1214 2631 1339 2713 μόνους

81 2735 214 2815 αἴσχιον
236 2734 458 2823 ὑπειλήφατε.
502 2740 616 2799 καίτοι
638 2739 805 2821 τοσαύτης
831 2732 1020 2820 μεταβολῆς
1041 2727 1125 2796 καθ’
1157 2735 1194 2796 δν
1223 2734 1338 2819 εἴρηκα

80 2841 198 2924 καιρδν
220 2844 399 2924 γενομένης
421 2842 477 2902 καὶ
493 2841 572 2923 περὶ
588 2842 699 2900 πάντα
717 2841 915 2920 συγχύσεως,
938 2839 979 2898 τά
996 2857 1032 2919 γε
1049 2834 1195 2898 δοθέντα
1211 2840 1338 2923 ὑπῆρχε

28 2953 57 3002 25
80 2942 227 3021 βεβαίως
251 2942 336 3019 ἔχειν
360 2946 433 3014 τοῖς
456 2940 697 3025 προειληφόσι,
719 2942 775 3002 καί
798 2937 907 3014 ούδείς
923 2937 1106 3024 ἐτόλμησεν
1122 2941 1339 3024 εἰσπράττειν

83 3045 161 3115 τοὺς
184 3039 246 3125 ήδη
271 3063 304 3102 τι
326 3043 595 3121 κεκομισμένους.
633 3044 728 3122 ὑμεῖς
745 3039 780 3104 δέ
804 3050 860 3104 νῦν
884 3039 960 3103 ούδὲ
984 3044 1005 3103 ἀ
1024 3042 1158 3127 ἔφθητε
1181 3039 1340 3104 διαλῦσαι

82 3148 155 3216 τοῖς
178 3145 367 3226 εὐεργέταις
390 3145 474 3220 ἐᾶτε,
497 3135 574 3204 ἀλλ’
601 3145 634 3204 οί
655 3141 740 3228 μηδὲ
763 3151 829 3205 τῶν
853 3145 962 3206 αὑτῶν
976 3141 1081 3229 μηδὲν
1097 3145 1340 3224 ὑπομείναντες

10 3261 68 3313 iam)
83 3249 159 3307 τότε
182 3249 255 3318 τοῖς
278 3242 404 3321 ἀλλοις,
428 3247 610 3307 καὶταῦτα
633 3247 841 3321 ἐπταικότες,
865 3254 921 3307 νῦν
944 3248 1156 3326 εὐτυχοῦντες
1175 3249 1339 3330 πράττετε

84 3342 203 3431 δμηδέ
220 3348 355 3408 ἐκείνων
378 3351 454 3409 τότε
475 3344 560 3432 μηδὲ
584 3346 642 3421 είς.
728 3349 841 3409 καίτοι
858 3350 896 3408 τό
912 3350 973 3428 μὲν
996 3355 1063 3411 τῶν
1083 3355 1189 3433 χρεῶν
1204 3349 1338 3430 γεγονὸς
1349 3353 1390 3415 69

31 3464 59 3513 30
83 3451 176 3532 εὑροι
199 3471 251 3522 τις
273 3450 314 3510 ἀν
335 3451 392 3511 καί
414 3452 449 3510 ἐν
472 3446 560 3530 ἀλλῳ
583 3452 690 3533 χρόνῳ
714 3451 771 3511 καί
792 3446 930 3510 Σόλωνα
962 3447 1093 3531 λέγεται
1123 3451 1215 3533 παρὰ
1235 3441 1339 3532 Ἀθη-

84 3554 195 3626 ναίοις
219 3554 303 3613 ποτέ
327 3560 482 3637 ποιῆσαι.
521 3549 597 3630 δίχα
612 3552 674 3636 γὰρ
691 3552 752 3612 τοῦ
769 3548 932 3625 πολλάκις
949 3552 1138 3632 ἀναγκαίως
1154 3553 1233 3612 αύτδ
1259 3567 1338 3629 συμ-

169 3812 179 3859 1
202 3803 286 3873 ἀξιοσ
297 3805 367 3870 libri,
386 3821 455 3860 corr.
469 3804 610 3860 Motellius
662 3809 679 3858 4
695 3800 848 3879 ἐπειδήπερ
867 3801 925 3876 εἶχε
938 3805 986 3859 ΒΕ
1000 3818 1075 3875 (mrg.
1094 3805 1156 3864 ἐπεὶ
1173 3801 1200 3862 δ’
1218 3800 1300 3879 ὑπερ)

85 3897 246 3950 boeotiam
264 3893 287 3946 Β
305 3895 332 3944 ει
350 3905 416 3958 mrg.
435 3890 461 3943 Ε
547 3889 711 3962 δέδὲησεΕ
730 3889 843 3963 ἐδέησεν
861 3890 945 3945 ceteri
1030 3887 1164 3958 ἔδοξανδ
1249 3889 1341 3948 1έπι-

85 3979 198 4050 ζητεῖνλ
287 3983 315 4032 11
335 3974 391 4035 τάσ
412 3978 523 4034 οίκείασ
540 3977 585 4031 Μν
682 3980 713 4030 12
731 3972 810 4044 ἔδοξε
827 3976 852 4030 Ε
871 3971 967 4043 ἔδοξεν
984 3977 1067 4031 ceteri
1168 3971 1221 4032 τὸν
1237 3991 1287 4045 pro
1305 3972 1340 4032 τὸ

85 4063 130 4117 Μν
236 4066 266 4115 15
284 4057 359 4119 καθ’
387 4059 418 4119 ἓν
440 4059 545 4120 τοὺτον
565 4060 600 4119 τὸ
622 4061 669 4116 Mv
771 4059 901 4132 αἱρεῖσθε
922 4059 970 4114 MJ
1084 4064 1114 4116 16
1137 4056 1221 4117 πόλιν
1243 4050 1342 4133 εὑρετε

86 4148 135 4201 ΒΕ
153 4139 256 4222 εὑρατε
275 4147 321 4201 Μί
345 4138 450 4219 εὑρατο
469 4164 494 4214 ν,
512 4162 581 4201 corr.
600 4145 739 4200 Morellius
805 4149 835 4200 18
854 4141 975 4217 φήσεται
993 4145 1023 4198 Μ
1097 4149 1129 4199 20
1149 4143 1342 4218 συμβάλλουσι

86 4231 157 4301 libri,
176 4248 244 4288 corr.
263 4232 364 4288 Reiske
451 4233 588 4289 ἐκτείνειν
605 4231 652 4285 Μι
757 4246 808 4300 pro
826 4226 888 4288 εἶτα
905 4230 996 4286 malim
1015 4225 1086 4296 ούύέ,
1104 4235 1215 4300 propter
1232 4222 1267 4286 οὑ
1284 4223 1342 4302 γάρ

87 4317 156 4387 δηλ.
175 4321 207 4370 22
261 4321 291 4372 21
312 4313 390 4385 ἔδοξε
408 4318 441 4383 Ε,
461 4313 555 4385 ἔδοξεν
573 4317 657 4372 ceteri
725 4312 1008 4390 ἐκπεμπόντων
1078 4312 1113 4372 τά
1132 4335 1163 4372 τε
1180 4315 1251 4380 libri,
1270 4329 1340 4369 corr.

88 4402 168 4471 Emp.
212 4428 215 4434 ·
257 4407 289 4457 26
307 4405 568 4474 κεκοιιμισμὲνοοσ
585 4402 610 4456 Ε
628 4400 863 4473 κεκοσμημένουσ
881 4399 928 4453 Mv
980 4396 1069 4459 δοκι.
1087 4399 1133 4454 Μν
1203 4403 1234 4454 28
1253 4393 1343 4471 πράτ-

86 4507 166 4544 τεται
183 4488 246 4542 Mv
