<?xml version="1.0" encoding="UTF-8"?>
<!DOCTYPE html PUBLIC "-//W3C//DTD XHTML 1.0 Transitional//EN"
    "http://www.w3.org/TR/xhtml1/DTD/xhtml1-transitional.dtd">
<html xmlns="http://www.w3.org/1999/xhtml" xml:lang="en" lang="en">
 <head>
  <title>
</title>
<meta http-equiv="Content-Type" content="text/html;charset=utf-8" />
  <meta name='ocr-system' content='tesseract 3.04.00' />
  <meta name='ocr-capabilities' content='ocr_page ocr_carea ocr_par ocr_line ocrx_word'/>
</head>
<body>
  <div class='ocr_page' id='page_1' title='image "./quaeexstantomni00diogoog_0038.png"; bbox 0 0 3068 5160; ppageno 0'>
   <div class='ocr_carea' id='block_1_1' title="bbox 189 333 962 395">
    <p class='ocr_par' dir='ltr' id='par_1_1' title="bbox 189 333 962 395">
     <span class='ocr_line' id='line_1_1' title="bbox 189 333 962 395; baseline 0.009 -8"><span class='ocrx_word' id='word_1_1' title='bbox 189 333 310 389; x_wconf 83' lang='lat' dir='ltr'>XXVIII</span> <span class='ocrx_word' id='word_1_2' title='bbox 671 335 962 395; x_wconf 79' lang='lat' dir='ltr'>PROLEGOMENA.</span> 
     </span>
    </p>
   </div>
   <div class='ocr_carea' id='block_1_2' title="bbox 175 506 1466 3956">
    <p class='ocr_par' dir='ltr' id='par_1_2' title="bbox 175 506 1466 3956">
     <span class='ocr_line' id='line_1_2' title="bbox 188 506 1466 596; baseline 0.008 -26"><span class='ocrx_word' id='word_1_3' title='bbox 188 506 308 572; x_wconf 84' lang='lat' dir='ltr'><strong>honore</strong></span> <span class='ocrx_word' id='word_1_4' title='bbox 331 506 422 589; x_wconf 82' lang='lat' dir='ltr'>digni</span> <span class='ocrx_word' id='word_1_5' title='bbox 444 528 479 574; x_wconf 91' lang='lat' dir='ltr'>se</span> <span class='ocrx_word' id='word_1_6' title='bbox 496 515 620 592; x_wconf 80' lang='lat' dir='ltr'>gerant,</span> <span class='ocrx_word' id='word_1_7' title='bbox 644 514 767 574; x_wconf 88' lang='lat' dir='ltr'>eeteros</span> <span class='ocrx_word' id='word_1_8' title='bbox 781 514 890 575; x_wconf 91' lang='lat' dir='ltr'>tamen</span> <span class='ocrx_word' id='word_1_9' title='bbox 905 529 969 575; x_wconf 91' lang='lat' dir='ltr'>non</span> <span class='ocrx_word' id='word_1_10' title='bbox 985 529 1055 576; x_wconf 86' lang='lat' dir='ltr'>esse</span> <span class='ocrx_word' id='word_1_11' title='bbox 1070 510 1298 596; x_wconf 86' lang='lat' dir='ltr'>repudiandos,</span> <span class='ocrx_word' id='word_1_12' title='bbox 1323 514 1466 582; x_wconf 86' lang='lat' dir='ltr'>etiamsi</span> 
     </span>
     <span class='ocr_line' id='line_1_3' title="bbox 187 610 1464 702; baseline 0.007 -28"><span class='ocrx_word' id='word_1_13' title='bbox 187 611 293 676; x_wconf 88' lang='lat' dir='ltr'>minus</span> <span class='ocrx_word' id='word_1_14' title='bbox 314 610 476 694; x_wconf 88' lang='lat' dir='ltr'>plaoeant.</span> <span class='ocrx_word' id='word_1_15' title='bbox 508 610 622 695; x_wconf 85' lang='lat' dir='ltr'>Neque</span> <span class='ocrx_word' id='word_1_16' title='bbox 645 611 731 675; x_wconf 91' lang='lat' dir='ltr'>enim</span> <span class='ocrx_word' id='word_1_17' title='bbox 752 611 850 677; x_wconf 90' lang='lat' dir='ltr'>lioere</span> <span class='ocrx_word' id='word_1_18' title='bbox 871 616 906 675; x_wconf 87' lang='lat' dir='ltr'>ut</span> <span class='ocrx_word' id='word_1_19' title='bbox 928 612 1032 678; x_wconf 89' lang='lat' dir='ltr'>amieo</span> <span class='ocrx_word' id='word_1_20' title='bbox 1053 612 1100 677; x_wconf 90' lang='lat' dir='ltr'>ita</span> <span class='ocrx_word' id='word_1_21' title='bbox 1115 615 1361 697; x_wconf 91' lang='lat' dir='ltr'>oonsanguineo</span> <span class='ocrx_word' id='word_1_22' title='bbox 1380 637 1464 702; x_wconf 94' lang='lat' dir='ltr'>quo·</span> 
     </span>
     <span class='ocr_line' id='line_1_4' title="bbox 187 713 1464 799; baseline 0.006 -23"><span class='ocrx_word' id='word_1_23' title='bbox 187 732 250 796; x_wconf 91' lang='lat' dir='ltr'>que</span> <span class='ocrx_word' id='word_1_24' title='bbox 272 713 466 779; x_wconf 87' lang='lat' dir='ltr'>renuntiare.</span> <span class='ocrx_word' id='word_1_25' title='bbox 499 713 614 797; x_wconf 88' lang='lat' dir='ltr'>Itaque</span> <span class='ocrx_word' id='word_1_26' title='bbox 635 714 742 778; x_wconf 90' lang='lat' dir='ltr'>looum</span> <span class='ocrx_word' id='word_1_27' title='bbox 763 714 951 778; x_wconf 71' lang='lat' dir='ltr'><strong>lacunosum</strong></span> <span class='ocrx_word' id='word_1_28' title='bbox 973 733 1044 780; x_wconf 89' lang='lat' dir='ltr'>esse</span> <span class='ocrx_word' id='word_1_29' title='bbox 1067 715 1211 799; x_wconf 90' lang='lat' dir='ltr'>arbitror,</span> <span class='ocrx_word' id='word_1_30' title='bbox 1235 718 1281 784; x_wconf 91' lang='lat' dir='ltr'>sio</span> <span class='ocrx_word' id='word_1_31' title='bbox 1303 717 1379 785; x_wconf 88' lang='lat' dir='ltr'>fere</span> <span class='ocrx_word' id='word_1_32' title='bbox 1403 738 1464 786; x_wconf 84' lang='lat' dir='ltr'>ex-</span> 
     </span>
     <span class='ocr_line' id='line_1_5' title="bbox 186 813 1462 907; baseline 0.006 -30"><span class='ocrx_word' id='word_1_33' title='bbox 186 813 357 897; x_wconf 88' lang='lat' dir='ltr'>plendum:</span> <span class='ocrx_word' id='word_1_34' title='bbox 379 819 435 880; x_wconf 78' lang='grc' dir='ltr'>καί</span> <span class='ocrx_word' id='word_1_35' title='bbox 457 819 536 891; x_wconf 78' lang='grc' dir='ltr'><em>τοὺς</em></span> <span class='ocrx_word' id='word_1_36' title='bbox 555 819 616 896; x_wconf 79' lang='grc' dir='ltr'>μὲν</span> <span class='ocrx_word' id='word_1_37' title='bbox 630 815 790 902; x_wconf 76' lang='grc' dir='ltr'><em>(ταύτην)</em></span> <span class='ocrx_word' id='word_1_38' title='bbox 806 813 986 902; x_wconf 78' lang='grc' dir='ltr'><strong><em>ζηλοῦντας</em></strong></span> <span class='ocrx_word' id='word_1_39' title='bbox 1000 817 1148 898; x_wconf 83' lang='grc' dir='ltr'><em>μάλιστα</em></span> <span class='ocrx_word' id='word_1_40' title='bbox 1164 824 1303 884; x_wconf 83' lang='grc' dir='ltr'><em>πάντων</em></span> <span class='ocrx_word' id='word_1_41' title='bbox 1320 823 1462 907; x_wconf 79' lang='grc' dir='ltr'><em>ἀγαπᾷ,</em></span> 
     </span>
     <span class='ocr_line' id='line_1_6' title="bbox 185 914 1462 1005; baseline 0.007 -26"><span class='ocrx_word' id='word_1_42' title='bbox 185 915 357 998; x_wconf 86' lang='grc' dir='ltr'><em>&lt;ἀνέχεται</em></span> <span class='ocrx_word' id='word_1_43' title='bbox 388 917 423 980; x_wconf 81' lang='grc' dir='ltr'>ἀὲ</span> <span class='ocrx_word' id='word_1_44' title='bbox 450 921 506 981; x_wconf 90' lang='grc' dir='ltr'>καί</span> <span class='ocrx_word' id='word_1_45' title='bbox 528 921 607 994; x_wconf 76' lang='grc' dir='ltr'><em>τοὺς</em></span> <span class='ocrx_word' id='word_1_46' title='bbox 628 916 673 1004; x_wconf 79' lang='grc' dir='ltr'>μὴ</span> <span class='ocrx_word' id='word_1_47' title='bbox 697 914 890 998; x_wconf 87' lang='grc' dir='ltr'><em>τοιούτους&gt;</em></span> <span class='ocrx_word' id='word_1_48' title='bbox 911 922 967 982; x_wconf 89' lang='grc' dir='ltr'>καί</span> <span class='ocrx_word' id='word_1_49' title='bbox 990 918 1111 1005; x_wconf 76' lang='grc' dir='ltr'><em>φίλους</em></span> <span class='ocrx_word' id='word_1_50' title='bbox 1135 924 1336 1005; x_wconf 77' lang='grc' dir='ltr'><em>ἀναγκαίους</em></span> <span class='ocrx_word' id='word_1_51' title='bbox 1362 931 1462 988; x_wconf 86' lang='grc' dir='ltr'><em>νενό-</em></span> 
     </span>
     <span class='ocr_line' id='line_1_7' title="bbox 185 1017 1462 1104; baseline 0.009 -24"><span class='ocrx_word' id='word_1_52' title='bbox 185 1041 289 1098; x_wconf 85' lang='grc' dir='ltr'><em>μικεν.</em></span> <span class='ocrx_word' id='word_1_53' title='bbox 324 1017 432 1084; x_wconf 90' lang='lat' dir='ltr'>Verba</span> <span class='ocrx_word' id='word_1_54' title='bbox 455 1038 539 1103; x_wconf 89' lang='lat' dir='ltr'>quae</span> <span class='ocrx_word' id='word_1_55' title='bbox 561 1018 680 1085; x_wconf 88' lang='lat' dir='ltr'>fuerint</span> <span class='ocrx_word' id='word_1_56' title='bbox 702 1018 835 1086; x_wconf 91' lang='lat' dir='ltr'>dubium</span> <span class='ocrx_word' id='word_1_57' title='bbox 858 1025 915 1101; x_wconf 89' lang='lat' dir='ltr'>est,</span> <span class='ocrx_word' id='word_1_58' title='bbox 937 1021 1099 1085; x_wconf 89' lang='lat' dir='ltr'>sententia</span> <span class='ocrx_word' id='word_1_59' title='bbox 1120 1041 1186 1086; x_wconf 93' lang='lat' dir='ltr'>non</span> <span class='ocrx_word' id='word_1_60' title='bbox 1207 1021 1317 1089; x_wconf 90' lang='lat' dir='ltr'>dubia.</span> <span class='ocrx_word' id='word_1_61' title='bbox 1360 1023 1462 1104; x_wconf 80' lang='lat' dir='ltr'>Quae</span> 
     </span>
     <span class='ocr_line' id='line_1_8' title="bbox 185 1118 1461 1208; baseline 0.007 -24"><span class='ocrx_word' id='word_1_62' title='bbox 185 1119 213 1184; x_wconf 89' lang='lat' dir='ltr'>si</span> <span class='ocrx_word' id='word_1_63' title='bbox 228 1124 315 1184; x_wconf 87' lang='lat' dir='ltr'>reete</span> <span class='ocrx_word' id='word_1_64' title='bbox 330 1118 576 1205; x_wconf 83' lang='lat' dir='ltr'>disputavimus,</span> <span class='ocrx_word' id='word_1_65' title='bbox 597 1120 693 1188; x_wconf 85' lang='lat' dir='ltr'>leotIo</span> <span class='ocrx_word' id='word_1_66' title='bbox 708 1121 776 1204; x_wconf 92' lang='lat' dir='ltr'>UB,</span> <span class='ocrx_word' id='word_1_67' title='bbox 793 1141 878 1206; x_wconf 90' lang='lat' dir='ltr'>quae</span> <span class='ocrx_word' id='word_1_68' title='bbox 893 1120 979 1186; x_wconf 90' lang='lat' dir='ltr'>bona</span> <span class='ocrx_word' id='word_1_69' title='bbox 993 1121 1173 1205; x_wconf 90' lang='lat' dir='ltr'>videbatur,</span> <span class='ocrx_word' id='word_1_70' title='bbox 1189 1124 1461 1208; x_wconf 80' lang='lat' dir='ltr'>interpolationIs</span> 
     </span>
     <span class='ocr_line' id='line_1_9' title="bbox 186 1221 1460 1316; baseline 0.008 -31"><span class='ocrx_word' id='word_1_71' title='bbox 186 1222 380 1303; x_wconf 76' lang='lat' dir='ltr'>coarguitur.</span> <span class='ocrx_word' id='word_1_72' title='bbox 404 1259 443 1269; x_wconf 89' lang='lat'><em>-</em></span> <span class='ocrx_word' id='word_1_73' title='bbox 467 1244 499 1307; x_wconf 86' lang='lat' dir='ltr'>p.</span> <span class='ocrx_word' id='word_1_74' title='bbox 523 1227 572 1305; x_wconf 82' lang='lat'>72,</span> <span class='ocrx_word' id='word_1_75' title='bbox 596 1226 636 1288; x_wconf 85' lang='lat'>20</span> <span class='ocrx_word' id='word_1_76' title='bbox 667 1221 746 1288; x_wconf 91' lang='lat' dir='ltr'>dioit</span> <span class='ocrx_word' id='word_1_77' title='bbox 775 1222 995 1288; x_wconf 83' lang='lat' dir='ltr'>insatiabilem</span> <span class='ocrx_word' id='word_1_78' title='bbox 1026 1243 1096 1289; x_wconf 86' lang='lat' dir='ltr'>esse</span> <span class='ocrx_word' id='word_1_79' title='bbox 1121 1225 1320 1309; x_wconf 87' lang='lat' dir='ltr'>voluptatem</span> <span class='ocrx_word' id='word_1_80' title='bbox 1345 1230 1460 1316; x_wconf 82' lang='grc' dir='ltr'><em>(περὶ)</em></span> 
     </span>
     <span class='ocr_line' id='line_1_10' title="bbox 187 1324 1460 1417; baseline 0.008 -31"><span class='ocrx_word' id='word_1_81' title='bbox 187 1328 301 1401; x_wconf 89' lang='grc' dir='ltr'><em>πάσας</em></span> <span class='ocrx_word' id='word_1_82' title='bbox 326 1324 361 1388; x_wconf 80' lang='grc' dir='ltr'>ἀὲ</span> <span class='ocrx_word' id='word_1_83' title='bbox 391 1328 484 1411; x_wconf 76' lang='grc' dir='ltr'><em>ἁφὰς</em></span> <span class='ocrx_word' id='word_1_84' title='bbox 513 1332 696 1411; x_wconf 76' lang='grc' dir='ltr'><em>προσηνεῖς</em></span> <span class='ocrx_word' id='word_1_85' title='bbox 725 1347 761 1388; x_wconf 85' lang='grc' dir='ltr'>τε</span> <span class='ocrx_word' id='word_1_86' title='bbox 790 1329 847 1390; x_wconf 88' lang='grc' dir='ltr'>καί</span> <span class='ocrx_word' id='word_1_87' title='bbox 873 1325 1026 1407; x_wconf 85' lang='grc' dir='ltr'><em>μαλακὰς</em></span> <span class='ocrx_word' id='word_1_88' title='bbox 1050 1326 1197 1412; x_wconf 79' lang='grc' dir='ltr'><strong><em>λουτρῶν</em></strong></span> <span class='ocrx_word' id='word_1_89' title='bbox 1220 1351 1256 1392; x_wconf 89' lang='grc' dir='ltr'>τε</span> <span class='ocrx_word' id='word_1_90' title='bbox 1279 1332 1460 1417; x_wconf 82' lang='grc' dir='ltr'><em>ὁσημέραι</em></span> 
     </span>
     <span class='ocr_line' id='line_1_11' title="bbox 184 1421 1458 1514; baseline 0.008 -26"><span class='ocrx_word' id='word_1_91' title='bbox 184 1428 339 1512; x_wconf 71' lang='grc' dir='ltr'><em>θερμῶν,</em></span> <span class='ocrx_word' id='word_1_92' title='bbox 374 1421 510 1510; x_wconf 83' lang='grc' dir='ltr'><em>[μᾶλλον</em></span> <span class='ocrx_word' id='word_1_93' title='bbox 546 1426 581 1490; x_wconf 81' lang='grc' dir='ltr'>ἀὲ</span> <span class='ocrx_word' id='word_1_94' title='bbox 616 1430 673 1490; x_wconf 90' lang='grc' dir='ltr'>καί</span> <span class='ocrx_word' id='word_1_95' title='bbox 704 1437 763 1513; x_wconf 80' lang='grc' dir='ltr'>τῆς</span> <span class='ocrx_word' id='word_1_96' title='bbox 796 1422 934 1513; x_wconf 67' lang='grc' dir='ltr'><em>ἡμέρας]</em></span> <span class='ocrx_word' id='word_1_97' title='bbox 966 1431 1023 1491; x_wconf 88' lang='grc' dir='ltr'>καί</span> <span class='ocrx_word' id='word_1_98' title='bbox 1052 1433 1198 1514; x_wconf 88' lang='grc' dir='ltr'><em>χρίσεων</em></span> <span class='ocrx_word' id='word_1_99' title='bbox 1228 1433 1265 1493; x_wconf 81' lang='grc' dir='ltr'>οὐ</span> <span class='ocrx_word' id='word_1_100' title='bbox 1295 1437 1458 1514; x_wconf 83' lang='grc' dir='ltr'><em>κάματον</em></span> 
     </span>
     <span class='ocr_line' id='line_1_12' title="bbox 185 1526 1457 1618; baseline 0.007 -28"><span class='ocrx_word' id='word_1_101' title='bbox 185 1531 346 1609; x_wconf 81' lang='grc' dir='ltr'><em>ἰωμένων.</em></span> <span class='ocrx_word' id='word_1_102' title='bbox 381 1527 473 1606; x_wconf 80' lang='lat' dir='ltr'>Quae</span> <span class='ocrx_word' id='word_1_103' title='bbox 495 1528 623 1594; x_wconf 91' lang='lat' dir='ltr'>unoinis</span> <span class='ocrx_word' id='word_1_104' title='bbox 644 1527 761 1592; x_wconf 91' lang='lat' dir='ltr'>inolusi</span> <span class='ocrx_word' id='word_1_105' title='bbox 782 1526 861 1592; x_wconf 91' lang='lat' dir='ltr'>inV</span> <span class='ocrx_word' id='word_1_106' title='bbox 883 1530 931 1594; x_wconf 92' lang='lat' dir='ltr'>ita</span> <span class='ocrx_word' id='word_1_107' title='bbox 952 1529 1112 1612; x_wconf 89' lang='lat' dir='ltr'>leguntur,</span> <span class='ocrx_word' id='word_1_108' title='bbox 1136 1530 1161 1595; x_wconf 94' lang='lat' dir='ltr'>P</span> <span class='ocrx_word' id='word_1_109' title='bbox 1185 1530 1283 1596; x_wconf 89' lang='lat' dir='ltr'>habet</span> <span class='ocrx_word' id='word_1_110' title='bbox 1305 1536 1370 1610; x_wconf 82' lang='grc' dir='ltr'>τὰς</span> <span class='ocrx_word' id='word_1_111' title='bbox 1395 1554 1457 1618; x_wconf 92' lang='lat' dir='ltr'>pro</span> 
     </span>
     <span class='ocr_line' id='line_1_13' title="bbox 184 1627 1457 1718; baseline 0.009 -28"><span class='ocrx_word' id='word_1_112' title='bbox 184 1639 258 1716; x_wconf 75' lang='grc' dir='ltr'>τῆς,</span> <span class='ocrx_word' id='word_1_113' title='bbox 289 1627 348 1694; x_wconf 91' lang='lat' dir='ltr'>UB</span> <span class='ocrx_word' id='word_1_114' title='bbox 377 1629 429 1707; x_wconf 76' lang='grc' dir='ltr'><em>(λίς</em></span> <span class='ocrx_word' id='word_1_115' title='bbox 454 1650 512 1714; x_wconf 93' lang='lat' dir='ltr'>pro</span> <span class='ocrx_word' id='word_1_116' title='bbox 533 1635 601 1695; x_wconf 79' lang='grc' dir='ltr'><em>καί.</em></span> <span class='ocrx_word' id='word_1_117' title='bbox 644 1629 751 1713; x_wconf 87' lang='lat' dir='ltr'>Atque</span> <span class='ocrx_word' id='word_1_118' title='bbox 773 1631 875 1713; x_wconf 93' lang='lat' dir='ltr'>primo</span> <span class='ocrx_word' id='word_1_119' title='bbox 899 1629 1029 1715; x_wconf 91' lang='lat' dir='ltr'>quidem</span> <span class='ocrx_word' id='word_1_120' title='bbox 1052 1630 1165 1697; x_wconf 91' lang='lat' dir='ltr'>obtutu</span> <span class='ocrx_word' id='word_1_121' title='bbox 1187 1633 1283 1699; x_wconf 91' lang='lat' dir='ltr'>leotio</span> <span class='ocrx_word' id='word_1_122' title='bbox 1306 1633 1386 1718; x_wconf 93' lang='lat' dir='ltr'>UB,</span> <span class='ocrx_word' id='word_1_123' title='bbox 1419 1643 1457 1702; x_wconf 90' lang='lat' dir='ltr'>ut</span> 
     </span>
     <span class='ocr_line' id='line_1_14' title="bbox 182 1725 1455 1818; baseline 0.005 -23"><span class='ocrx_word' id='word_1_124' title='bbox 182 1726 250 1796; x_wconf 87' lang='lat' dir='ltr'>iere</span> <span class='ocrx_word' id='word_1_125' title='bbox 272 1730 354 1797; x_wconf 87' lang='lat' dir='ltr'>solet</span> <span class='ocrx_word' id='word_1_126' title='bbox 376 1729 455 1813; x_wconf 90' lang='lat' dir='ltr'>fieri,</span> <span class='ocrx_word' id='word_1_127' title='bbox 478 1730 575 1798; x_wconf 88' lang='lat' dir='ltr'>valde</span> <span class='ocrx_word' id='word_1_128' title='bbox 597 1729 727 1797; x_wconf 89' lang='lat' dir='ltr'>arridet.</span> <span class='ocrx_word' id='word_1_129' title='bbox 762 1729 842 1796; x_wconf 83' lang='lat' dir='ltr'>Cum</span> <span class='ocrx_word' id='word_1_130' title='bbox 864 1752 941 1798; x_wconf 88' lang='lat' dir='ltr'>vero</span> <span class='ocrx_word' id='word_1_131' title='bbox 956 1732 1055 1799; x_wconf 88' lang='lat' dir='ltr'>verba</span> <span class='ocrx_word' id='word_1_132' title='bbox 1071 1725 1108 1797; x_wconf 79' lang='grc' dir='ltr'>οὗ</span> <span class='ocrx_word' id='word_1_133' title='bbox 1124 1739 1275 1816; x_wconf 82' lang='grc' dir='ltr'><em>κάματον</em></span> <span class='ocrx_word' id='word_1_134' title='bbox 1290 1739 1455 1818; x_wconf 78' lang='grc' dir='ltr'><em>ἰωμένων</em></span> 
     </span>
     <span class='ocr_line' id='line_1_15' title="bbox 184 1831 1455 1920; baseline 0.006 -24"><span class='ocrx_word' id='word_1_135' title='bbox 184 1831 226 1897; x_wconf 90' lang='lat' dir='ltr'>ad</span> <span class='ocrx_word' id='word_1_136' title='bbox 254 1833 401 1920; x_wconf 83' lang='grc' dir='ltr'><em>λουτρῶν</em></span> <span class='ocrx_word' id='word_1_137' title='bbox 431 1853 560 1918; x_wconf 91' lang='lat' dir='ltr'>quoque</span> <span class='ocrx_word' id='word_1_138' title='bbox 582 1832 694 1900; x_wconf 89' lang='lat' dir='ltr'>referri</span> <span class='ocrx_word' id='word_1_139' title='bbox 717 1832 836 1900; x_wconf 91' lang='lat' dir='ltr'>debere</span> <span class='ocrx_word' id='word_1_140' title='bbox 858 1840 979 1900; x_wconf 86' lang='lat' dir='ltr'>eertum</span> <span class='ocrx_word' id='word_1_141' title='bbox 1001 1835 1058 1917; x_wconf 87' lang='lat' dir='ltr'>sit,</span> <span class='ocrx_word' id='word_1_142' title='bbox 1090 1834 1259 1901; x_wconf 91' lang='lat' dir='ltr'>molestum</span> <span class='ocrx_word' id='word_1_143' title='bbox 1281 1842 1332 1902; x_wconf 90' lang='lat' dir='ltr'>est</span> <span class='ocrx_word' id='word_1_144' title='bbox 1354 1837 1455 1904; x_wconf 88' lang='lat' dir='ltr'>addi·</span> 
     </span>
     <span class='ocr_line' id='line_1_16' title="bbox 184 1935 1453 2025; baseline 0.002 -23"><span class='ocrx_word' id='word_1_145' title='bbox 184 1941 360 2002; x_wconf 89' lang='lat' dir='ltr'>tamentum</span> <span class='ocrx_word' id='word_1_146' title='bbox 382 1935 474 2019; x_wconf 89' lang='lat' dir='ltr'>illud,</span> <span class='ocrx_word' id='word_1_147' title='bbox 497 1935 584 2021; x_wconf 88' lang='lat' dir='ltr'>qnod</span> <span class='ocrx_word' id='word_1_148' title='bbox 605 1955 646 2002; x_wconf 86' lang='lat' dir='ltr'>ex</span> <span class='ocrx_word' id='word_1_149' title='bbox 662 1936 809 2018; x_wconf 87' lang='lat' dir='ltr'>margine</span> <span class='ocrx_word' id='word_1_150' title='bbox 824 1936 991 2020; x_wconf 81' lang='lat' dir='ltr'>irrepsisse</span> <span class='ocrx_word' id='word_1_151' title='bbox 1007 1942 1104 2019; x_wconf 89' lang='lat' dir='ltr'>atque</span> <span class='ocrx_word' id='word_1_152' title='bbox 1119 1937 1167 2002; x_wconf 90' lang='lat' dir='ltr'>ita</span> <span class='ocrx_word' id='word_1_153' title='bbox 1181 1936 1330 2020; x_wconf 90' lang='lat' dir='ltr'>primitus</span> <span class='ocrx_word' id='word_1_154' title='bbox 1346 1941 1453 2025; x_wconf 87' lang='lat' dir='ltr'>serip-</span> 
     </span>
     <span class='ocr_line' id='line_1_17' title="bbox 183 2036 1452 2126; baseline 0.004 -23"><span class='ocrx_word' id='word_1_155' title='bbox 183 2043 251 2104; x_wconf 79' lang='lat' dir='ltr'>tum</span> <span class='ocrx_word' id='word_1_156' title='bbox 266 2037 366 2105; x_wconf 81' lang='lat' dir='ltr'>fuisse</span> <span class='ocrx_word' id='word_1_157' title='bbox 381 2036 587 2106; x_wconf 76' lang='lat' dir='ltr'>crediderim:</span> <span class='ocrx_word' id='word_1_158' title='bbox 611 2038 738 2120; x_wconf 85' lang='grc' dir='ltr'><em>μαλλον</em></span> <span class='ocrx_word' id='word_1_159' title='bbox 756 2039 1053 2126; x_wconf 83' lang='grc' dir='ltr'><em>ἀεκαστηςημερας.</em></span> <span class='ocrx_word' id='word_1_160' title='bbox 1077 2037 1238 2104; x_wconf 74' lang='lat' dir='ltr'>Videlicet</span> <span class='ocrx_word' id='word_1_161' title='bbox 1252 2039 1452 2124; x_wconf 84' lang='lat' dir='ltr'>interpreta-</span> 
     </span>
     <span class='ocr_line' id='line_1_18' title="bbox 182 2132 1451 2230; baseline 0.001 -25"><span class='ocrx_word' id='word_1_162' title='bbox 182 2147 324 2206; x_wconf 89' lang='lat' dir='ltr'>mentum</span> <span class='ocrx_word' id='word_1_163' title='bbox 354 2146 424 2206; x_wconf 91' lang='lat' dir='ltr'>erat</span> <span class='ocrx_word' id='word_1_164' title='bbox 451 2139 602 2206; x_wconf 87' lang='lat' dir='ltr'>voeabuli</span> <span class='ocrx_word' id='word_1_165' title='bbox 625 2145 789 2227; x_wconf 81' lang='grc' dir='ltr'><em>ὁσημέραι</em></span> <span class='ocrx_word' id='word_1_166' title='bbox 812 2140 952 2222; x_wconf 90' lang='lat' dir='ltr'>margini</span> <span class='ocrx_word' id='word_1_167' title='bbox 974 2140 1187 2224; x_wconf 88' lang='lat' dir='ltr'>adseriptum:</span> <span class='ocrx_word' id='word_1_168' title='bbox 1220 2132 1272 2228; x_wconf 79' lang='grc' dir='ltr'>ἐφ’</span> <span class='ocrx_word' id='word_1_169' title='bbox 1300 2147 1451 2230; x_wconf 82' lang='grc' dir='ltr'><em>ἑκάστης</em></span> 
     </span>
     <span class='ocr_line' id='line_1_19' title="bbox 181 2240 1451 2330; baseline 0.005 -25"><span class='ocrx_word' id='word_1_170' title='bbox 181 2250 327 2330; x_wconf 72' lang='grc' dir='ltr'><em>ἡμέρας,</em></span> <span class='ocrx_word' id='word_1_171' title='bbox 361 2240 447 2326; x_wconf 92' lang='lat' dir='ltr'>quod</span> <span class='ocrx_word' id='word_1_172' title='bbox 476 2261 583 2307; x_wconf 90' lang='lat' dir='ltr'>errore</span> <span class='ocrx_word' id='word_1_173' title='bbox 610 2261 669 2326; x_wconf 90' lang='lat' dir='ltr'>pro</span> <span class='ocrx_word' id='word_1_174' title='bbox 697 2243 920 2326; x_wconf 88' lang='lat' dir='ltr'>supplemento</span> <span class='ocrx_word' id='word_1_175' title='bbox 949 2242 1065 2308; x_wconf 90' lang='lat' dir='ltr'>Dionis</span> <span class='ocrx_word' id='word_1_176' title='bbox 1092 2242 1262 2308; x_wconf 88' lang='lat' dir='ltr'>verborum</span> <span class='ocrx_word' id='word_1_177' title='bbox 1290 2242 1451 2311; x_wconf 87' lang='lat' dir='ltr'>librarius</span> 
     </span>
     <span class='ocr_line' id='line_1_20' title="bbox 182 2342 1449 2431; baseline 0.002 -22"><span class='ocrx_word' id='word_1_178' title='bbox 182 2344 301 2426; x_wconf 88' lang='lat' dir='ltr'>aliquis</span> <span class='ocrx_word' id='word_1_179' title='bbox 323 2342 459 2426; x_wconf 88' lang='lat' dir='ltr'>aooepit.</span> <span class='ocrx_word' id='word_1_180' title='bbox 482 2380 524 2389; x_wconf 90' lang='lat'><em>-</em></span> <span class='ocrx_word' id='word_1_181' title='bbox 547 2363 579 2426; x_wconf 90' lang='lat' dir='ltr'>p.</span> <span class='ocrx_word' id='word_1_182' title='bbox 595 2348 645 2426; x_wconf 83' lang='lat'>76,</span> <span class='ocrx_word' id='word_1_183' title='bbox 666 2349 703 2410; x_wconf 86' lang='lat'>13</span> <span class='ocrx_word' id='word_1_184' title='bbox 727 2345 778 2431; x_wconf 84' lang='grc' dir='ltr'>εἴη</span> <span class='ocrx_word' id='word_1_185' title='bbox 803 2348 843 2407; x_wconf 84' lang='grc' dir='ltr'>ἂν</span> <span class='ocrx_word' id='word_1_186' title='bbox 867 2347 923 2408; x_wconf 77' lang='grc' dir='ltr'>οὖν</span> <span class='ocrx_word' id='word_1_187' title='bbox 946 2342 1002 2408; x_wconf 92' lang='lat' dir='ltr'>VP</span> <span class='ocrx_word' id='word_1_188' title='bbox 1026 2346 1076 2431; x_wconf 84' lang='grc' dir='ltr'>εἴη</span> <span class='ocrx_word' id='word_1_189' title='bbox 1101 2349 1141 2408; x_wconf 85' lang='grc' dir='ltr'>ἂν</span> <span class='ocrx_word' id='word_1_190' title='bbox 1156 2348 1213 2409; x_wconf 81' lang='grc' dir='ltr'>καὶ</span> <span class='ocrx_word' id='word_1_191' title='bbox 1228 2343 1296 2410; x_wconf 90' lang='lat' dir='ltr'>UB.</span> <span class='ocrx_word' id='word_1_192' title='bbox 1332 2346 1449 2413; x_wconf 88' lang='lat' dir='ltr'>Nihilo</span> 
     </span>
     <span class='ocr_line' id='line_1_21' title="bbox 181 2443 1449 2527; baseline 0.002 -16"><span class='ocrx_word' id='word_1_193' title='bbox 181 2447 294 2511; x_wconf 89' lang='lat' dir='ltr'>melior</span> <span class='ocrx_word' id='word_1_194' title='bbox 321 2445 418 2511; x_wconf 90' lang='lat' dir='ltr'>leotio</span> <span class='ocrx_word' id='word_1_195' title='bbox 441 2443 509 2510; x_wconf 89' lang='lat' dir='ltr'>UB.</span> <span class='ocrx_word' id='word_1_196' title='bbox 532 2443 701 2510; x_wconf 90' lang='lat' dir='ltr'>-Venio</span> <span class='ocrx_word' id='word_1_197' title='bbox 729 2443 772 2508; x_wconf 94' lang='lat' dir='ltr'>ad</span> <span class='ocrx_word' id='word_1_198' title='bbox 799 2445 904 2509; x_wconf 91' lang='lat' dir='ltr'>looum</span> <span class='ocrx_word' id='word_1_199' title='bbox 927 2445 1154 2527; x_wconf 88' lang='lat' dir='ltr'>gravissimum</span> <span class='ocrx_word' id='word_1_200' title='bbox 1176 2446 1198 2510; x_wconf 90' lang='lat' dir='ltr'>i.</span> <span class='ocrx_word' id='word_1_201' title='bbox 1221 2464 1249 2511; x_wconf 93' lang='lat' dir='ltr'>e.</span> <span class='ocrx_word' id='word_1_202' title='bbox 1273 2446 1449 2514; x_wconf 86' lang='lat' dir='ltr'>exordium</span> 
     </span>
     <span class='ocr_line' id='line_1_22' title="bbox 180 2545 1448 2632; baseline 0.002 -20"><span class='ocrx_word' id='word_1_203' title='bbox 180 2547 312 2614; x_wconf 85' lang='lat' dir='ltr'>fabulae</span> <span class='ocrx_word' id='word_1_204' title='bbox 333 2547 478 2632; x_wconf 87' lang='lat' dir='ltr'>Libyoae</span> <span class='ocrx_word' id='word_1_205' title='bbox 500 2552 556 2623; x_wconf 84' lang='lat' dir='ltr'>(or.</span> <span class='ocrx_word' id='word_1_206' title='bbox 579 2545 620 2624; x_wconf 87' lang='lat' dir='ltr'>V)</span> <span class='ocrx_word' id='word_1_207' title='bbox 641 2566 674 2630; x_wconf 87' lang='lat' dir='ltr'>p.</span> <span class='ocrx_word' id='word_1_208' title='bbox 698 2550 748 2629; x_wconf 87' lang='lat'>79,</span> <span class='ocrx_word' id='word_1_209' title='bbox 765 2549 794 2611; x_wconf 91' lang='lat'>8.</span> <span class='ocrx_word' id='word_1_210' title='bbox 817 2546 900 2611; x_wconf 89' lang='lat' dir='ltr'>Nam</span> <span class='ocrx_word' id='word_1_211' title='bbox 924 2547 1024 2614; x_wconf 90' lang='lat' dir='ltr'>verba</span> <span class='ocrx_word' id='word_1_212' title='bbox 1047 2547 1448 2631; x_wconf 65' lang='grc' dir='ltr'><em>Μῦθον-ἀδολεσχίας</em></span> 
     </span>
     <span class='ocr_line' id='line_1_23' title="bbox 180 2647 1447 2735; baseline 0.002 -21"><span class='ocrx_word' id='word_1_213' title='bbox 180 2651 214 2714; x_wconf 92' lang='lat' dir='ltr'>in</span> <span class='ocrx_word' id='word_1_214' title='bbox 240 2649 319 2716; x_wconf 85' lang='lat' dir='ltr'>solis</span> <span class='ocrx_word' id='word_1_215' title='bbox 341 2648 400 2715; x_wconf 92' lang='lat' dir='ltr'>UB</span> <span class='ocrx_word' id='word_1_216' title='bbox 429 2650 595 2732; x_wconf 88' lang='lat' dir='ltr'>leguntur,</span> <span class='ocrx_word' id='word_1_217' title='bbox 630 2647 728 2713; x_wconf 88' lang='lat' dir='ltr'>aVP</span> <span class='ocrx_word' id='word_1_218' title='bbox 758 2647 884 2714; x_wconf 88' lang='lat' dir='ltr'>absunt.</span> <span class='ocrx_word' id='word_1_219' title='bbox 927 2650 976 2714; x_wconf 89' lang='lat' dir='ltr'>Ao</span> <span class='ocrx_word' id='word_1_220' title='bbox 1004 2651 1084 2716; x_wconf 88' lang='lat' dir='ltr'>satis</span> <span class='ocrx_word' id='word_1_221' title='bbox 1112 2651 1227 2714; x_wconf 89' lang='lat' dir='ltr'>mirum</span> <span class='ocrx_word' id='word_1_222' title='bbox 1256 2655 1320 2733; x_wconf 88' lang='lat' dir='ltr'>est,</span> <span class='ocrx_word' id='word_1_223' title='bbox 1356 2650 1447 2735; x_wconf 91' lang='lat' dir='ltr'>quod</span> 
     </span>
     <span class='ocr_line' id='line_1_24' title="bbox 180 2749 1446 2834; baseline 0.002 -18"><span class='ocrx_word' id='word_1_224' title='bbox 180 2758 308 2818; x_wconf 89' lang='lat' dir='ltr'>nostrae</span> <span class='ocrx_word' id='word_1_225' title='bbox 337 2753 454 2818; x_wconf 89' lang='lat' dir='ltr'>aetatis</span> <span class='ocrx_word' id='word_1_226' title='bbox 482 2751 545 2816; x_wconf 88' lang='lat' dir='ltr'>viri</span> <span class='ocrx_word' id='word_1_227' title='bbox 575 2749 660 2816; x_wconf 91' lang='lat' dir='ltr'>dooti</span> <span class='ocrx_word' id='word_1_228' title='bbox 689 2751 799 2834; x_wconf 91' lang='lat' dir='ltr'>inepto</span> <span class='ocrx_word' id='word_1_229' title='bbox 826 2750 886 2816; x_wconf 94' lang='lat' dir='ltr'>hoo</span> <span class='ocrx_word' id='word_1_230' title='bbox 914 2750 1134 2817; x_wconf 90' lang='lat' dir='ltr'>additamento</span> <span class='ocrx_word' id='word_1_231' title='bbox 1162 2757 1194 2817; x_wconf 87' lang='lat' dir='ltr'>et</span> <span class='ocrx_word' id='word_1_232' title='bbox 1217 2771 1238 2816; x_wconf 90' lang='lat' dir='ltr'>a</span> <span class='ocrx_word' id='word_1_233' title='bbox 1258 2752 1367 2818; x_wconf 87' lang='lat' dir='ltr'>Dione</span> <span class='ocrx_word' id='word_1_234' title='bbox 1390 2753 1446 2819; x_wconf 85' lang='lat' dir='ltr'>vel</span> 
     </span>
     <span class='ocr_line' id='line_1_25' title="bbox 179 2852 1446 2937; baseline 0.002 -19"><span class='ocrx_word' id='word_1_235' title='bbox 179 2854 321 2920; x_wconf 83' lang='lat' dir='ltr'>maxime</span> <span class='ocrx_word' id='word_1_236' title='bbox 343 2854 449 2920; x_wconf 87' lang='lat' dir='ltr'>alieno</span> <span class='ocrx_word' id='word_1_237' title='bbox 472 2873 506 2919; x_wconf 87' lang='lat' dir='ltr'>se</span> <span class='ocrx_word' id='word_1_238' title='bbox 529 2852 636 2935; x_wconf 91' lang='lat' dir='ltr'>deoipi</span> <span class='ocrx_word' id='word_1_239' title='bbox 658 2852 747 2935; x_wconf 89' lang='lat' dir='ltr'>passi</span> <span class='ocrx_word' id='word_1_240' title='bbox 768 2857 852 2916; x_wconf 87' lang='lat' dir='ltr'>sunt.</span> <span class='ocrx_word' id='word_1_241' title='bbox 889 2853 973 2917; x_wconf 91' lang='lat' dir='ltr'>Nam</span> <span class='ocrx_word' id='word_1_242' title='bbox 996 2854 1052 2937; x_wconf 92' lang='lat' dir='ltr'>qui</span> <span class='ocrx_word' id='word_1_243' title='bbox 1067 2853 1206 2918; x_wconf 92' lang='lat' dir='ltr'>Dionem</span> <span class='ocrx_word' id='word_1_244' title='bbox 1221 2853 1301 2919; x_wconf 89' lang='lat' dir='ltr'>satis</span> <span class='ocrx_word' id='word_1_245' title='bbox 1315 2855 1446 2920; x_wconf 85' lang='lat' dir='ltr'>noverit</span> 
     </span>
     <span class='ocr_line' id='line_1_26' title="bbox 178 2947 1441 3045; baseline 0.001 -26"><span class='ocrx_word' id='word_1_246' title='bbox 178 2954 266 3020; x_wconf 92' lang='lat' dir='ltr'>haud</span> <span class='ocrx_word' id='word_1_247' title='bbox 288 2957 416 3038; x_wconf 87' lang='lat' dir='ltr'>ignorat</span> <span class='ocrx_word' id='word_1_248' title='bbox 442 2947 621 3045; x_wconf 47' lang='grc' dir='ltr'><em>(εκπονεῖά</em></span> <span class='ocrx_word' id='word_1_249' title='bbox 646 2950 728 3016; x_wconf 91' lang='lat' dir='ltr'>illud</span> <span class='ocrx_word' id='word_1_250' title='bbox 751 2957 848 3036; x_wconf 88' lang='lat' dir='ltr'>atque</span> <span class='ocrx_word' id='word_1_251' title='bbox 875 2952 947 3042; x_wconf 57' lang='lat' dir='ltr'>,ripa</span> <span class='ocrx_word' id='word_1_252' title='bbox 970 2960 1050 3042; x_wconf 84' lang='grc' dir='ltr'><em>περὶ</em></span> <span class='ocrx_word' id='word_1_253' title='bbox 1073 2954 1191 3039; x_wconf 85' lang='grc' dir='ltr'><em>λόγους</em></span> <span class='ocrx_word' id='word_1_254' title='bbox 1216 2952 1441 3042; x_wconf 77' lang='grc' dir='ltr'><em>φιλυπυνίαν’</em></span> 
     </span>
     <span class='ocr_line' id='line_1_27' title="bbox 178 3053 1445 3141; baseline 0.002 -21"><span class='ocrx_word' id='word_1_255' title='bbox 178 3076 243 3121; x_wconf 91' lang='lat' dir='ltr'>non</span> <span class='ocrx_word' id='word_1_256' title='bbox 271 3055 432 3139; x_wconf 87' lang='lat' dir='ltr'>quadrare</span> <span class='ocrx_word' id='word_1_257' title='bbox 460 3057 494 3119; x_wconf 85' lang='lat' dir='ltr'>iu</span> <span class='ocrx_word' id='word_1_258' title='bbox 523 3055 593 3121; x_wconf 89' lang='lat' dir='ltr'>eius</span> <span class='ocrx_word' id='word_1_259' title='bbox 621 3053 751 3119; x_wconf 89' lang='lat' dir='ltr'>dioendi</span> <span class='ocrx_word' id='word_1_260' title='bbox 780 3073 898 3138; x_wconf 88' lang='lat' dir='ltr'>genus,</span> <span class='ocrx_word' id='word_1_261' title='bbox 929 3057 1049 3141; x_wconf 91' lang='lat' dir='ltr'>quippe</span> <span class='ocrx_word' id='word_1_262' title='bbox 1079 3057 1134 3140; x_wconf 92' lang='lat' dir='ltr'>qui</span> <span class='ocrx_word' id='word_1_263' title='bbox 1158 3057 1307 3140; x_wconf 87' lang='lat' dir='ltr'>quaesita</span> <span class='ocrx_word' id='word_1_264' title='bbox 1329 3059 1445 3124; x_wconf 89' lang='lat' dir='ltr'>omnia</span> 
     </span>
     <span class='ocr_line' id='line_1_28' title="bbox 178 3156 1444 3243; baseline 0.002 -21"><span class='ocrx_word' id='word_1_265' title='bbox 178 3164 210 3223; x_wconf 88' lang='lat' dir='ltr'>et</span> <span class='ocrx_word' id='word_1_266' title='bbox 237 3159 334 3223; x_wconf 88' lang='lat' dir='ltr'>nimis</span> <span class='ocrx_word' id='word_1_267' title='bbox 361 3159 475 3223; x_wconf 90' lang='lat' dir='ltr'>limata</span> <span class='ocrx_word' id='word_1_268' title='bbox 503 3161 686 3222; x_wconf 89' lang='lat' dir='ltr'>oontemnat</span> <span class='ocrx_word' id='word_1_269' title='bbox 714 3160 811 3239; x_wconf 89' lang='lat' dir='ltr'>atque</span> <span class='ocrx_word' id='word_1_270' title='bbox 839 3156 923 3223; x_wconf 86' lang='lat' dir='ltr'>hana</span> <span class='ocrx_word' id='word_1_271' title='bbox 951 3159 1057 3241; x_wconf 90' lang='lat' dir='ltr'>magis</span> <span class='ocrx_word' id='word_1_272' title='bbox 1086 3159 1193 3241; x_wconf 92' lang='lat' dir='ltr'>legem</span> <span class='ocrx_word' id='word_1_273' title='bbox 1214 3159 1268 3224; x_wconf 89' lang='lat' dir='ltr'>vel</span> <span class='ocrx_word' id='word_1_274' title='bbox 1293 3159 1444 3243; x_wconf 90' lang='lat' dir='ltr'>sequitur</span> 
     </span>
     <span class='ocr_line' id='line_1_29' title="bbox 177 3254 1442 3347; baseline 0.003 -23"><span class='ocrx_word' id='word_1_275' title='bbox 177 3260 230 3325; x_wconf 89' lang='lat' dir='ltr'>vel</span> <span class='ocrx_word' id='word_1_276' title='bbox 258 3279 293 3326; x_wconf 93' lang='lat' dir='ltr'>se</span> <span class='ocrx_word' id='word_1_277' title='bbox 322 3259 414 3343; x_wconf 91' lang='lat' dir='ltr'>sequi</span> <span class='ocrx_word' id='word_1_278' title='bbox 444 3258 589 3324; x_wconf 84' lang='lat' dir='ltr'>simulat:</span> <span class='ocrx_word' id='word_1_279' title='bbox 627 3277 707 3345; x_wconf 53' lang='lat' dir='ltr'>,rem</span> <span class='ocrx_word' id='word_1_280' title='bbox 729 3264 817 3340; x_wconf 88' lang='lat' dir='ltr'>tene,</span> <span class='ocrx_word' id='word_1_281' title='bbox 841 3259 941 3326; x_wconf 88' lang='lat' dir='ltr'>verba</span> <span class='ocrx_word' id='word_1_282' title='bbox 962 3254 1163 3346; x_wconf 88' lang='lat' dir='ltr'>sequentur&#39;.</span> <span class='ocrx_word' id='word_1_283' title='bbox 1208 3260 1306 3326; x_wconf 89' lang='lat' dir='ltr'>Porro</span> <span class='ocrx_word' id='word_1_284' title='bbox 1328 3261 1442 3347; x_wconf 92' lang='lat' dir='ltr'>inepte</span> 
     </span>
     <span class='ocr_line' id='line_1_30' title="bbox 178 3358 1440 3449; baseline 0.002 -23"><span class='ocrx_word' id='word_1_285' title='bbox 178 3361 266 3428; x_wconf 82' lang='lat' dir='ltr'>dieta</span> <span class='ocrx_word' id='word_1_286' title='bbox 296 3367 385 3427; x_wconf 80' lang='lat' dir='ltr'>sunt:</span> <span class='ocrx_word' id='word_1_287' title='bbox 419 3371 485 3426; x_wconf 83' lang='grc' dir='ltr'>τῶν</span> <span class='ocrx_word' id='word_1_288' title='bbox 513 3367 600 3448; x_wconf 84' lang='grc' dir='ltr'><em>πρὸς</em></span> <span class='ocrx_word' id='word_1_289' title='bbox 623 3358 721 3449; x_wconf 79' lang='grc' dir='ltr'><em>ζῆλον</em></span> <span class='ocrx_word' id='word_1_290' title='bbox 743 3369 816 3438; x_wconf 82' lang='grc' dir='ltr'><em>τοῖς</em></span> <span class='ocrx_word' id='word_1_291' title='bbox 838 3367 1107 3440; x_wconf 78' lang='grc' dir='ltr'><em>ἐπιεικεστάτοις</em></span> <span class='ocrx_word' id='word_1_292' title='bbox 1130 3366 1327 3449; x_wconf 74' lang='grc' dir='ltr'><em>ἀνθρώπων</em></span> <span class='ocrx_word' id='word_1_293' title='bbox 1351 3367 1440 3429; x_wconf 92' lang='grc' dir='ltr'><em>ἀπο-</em></span> 
     </span>
     <span class='ocr_line' id='line_1_31' title="bbox 177 3462 1439 3554; baseline 0.002 -26"><span class='ocrx_word' id='word_1_294' title='bbox 177 3471 350 3529; x_wconf 82' lang='grc' dir='ltr'><em>νευόντων.</em></span> <span class='ocrx_word' id='word_1_295' title='bbox 395 3463 480 3528; x_wconf 89' lang='lat' dir='ltr'>Nam</span> <span class='ocrx_word' id='word_1_296' title='bbox 507 3463 653 3529; x_wconf 84' lang='lat' dir='ltr'>hemines</span> <span class='ocrx_word' id='word_1_297' title='bbox 676 3462 741 3528; x_wconf 90' lang='lat' dir='ltr'>diei</span> <span class='ocrx_word' id='word_1_298' title='bbox 762 3471 896 3547; x_wconf 88' lang='lat' dir='ltr'>possunt</span> <span class='ocrx_word' id='word_1_299' title='bbox 918 3471 1005 3552; x_wconf 83' lang='grc' dir='ltr'><em>πρὸς</em></span> <span class='ocrx_word' id='word_1_300' title='bbox 1028 3463 1222 3554; x_wconf 78' lang='grc' dir='ltr'><em>ζῇλόντινα</em></span> <span class='ocrx_word' id='word_1_301' title='bbox 1246 3469 1439 3546; x_wconf 82' lang='grc' dir='ltr'><em>ἀπονεύειν,</em></span> 
     </span>
     <span class='ocr_line' id='line_1_32' title="bbox 177 3563 1439 3655; baseline 0 -24"><span class='ocrx_word' id='word_1_302' title='bbox 177 3566 256 3651; x_wconf 89' lang='lat' dir='ltr'>quid</span> <span class='ocrx_word' id='word_1_303' title='bbox 278 3586 354 3633; x_wconf 87' lang='lat' dir='ltr'>vero</span> <span class='ocrx_word' id='word_1_304' title='bbox 376 3565 436 3633; x_wconf 90' lang='lat' dir='ltr'>hoe</span> <span class='ocrx_word' id='word_1_305' title='bbox 458 3567 501 3632; x_wconf 86' lang='lat' dir='ltr'>sit</span> <span class='ocrx_word' id='word_1_306' title='bbox 528 3565 614 3649; x_wconf 86' lang='lat' dir='ltr'>quod</span> <span class='ocrx_word' id='word_1_307' title='bbox 642 3571 680 3630; x_wconf 84' lang='grc' dir='ltr'>τὸ</span> <span class='ocrx_word' id='word_1_308' title='bbox 710 3571 864 3631; x_wconf 77' lang='grc' dir='ltr'><em>ἐκπονεῖν</em></span> <span class='ocrx_word' id='word_1_309' title='bbox 893 3576 966 3644; x_wconf 88' lang='grc' dir='ltr'><em>τοῖς</em></span> <span class='ocrx_word' id='word_1_310' title='bbox 995 3572 1198 3655; x_wconf 73' lang='grc' dir='ltr'><em>ἀνθρώποις</em></span> <span class='ocrx_word' id='word_1_311' title='bbox 1227 3570 1314 3652; x_wconf 88' lang='grc' dir='ltr'><em>πρὸς</em></span> <span class='ocrx_word' id='word_1_312' title='bbox 1337 3563 1439 3655; x_wconf 84' lang='grc' dir='ltr'><em>ζῆλον</em></span> 
     </span>
     <span class='ocr_line' id='line_1_33' title="bbox 177 3666 1439 3753; baseline 0.002 -20"><span class='ocrx_word' id='word_1_313' title='bbox 177 3673 356 3734; x_wconf 80' lang='grc' dir='ltr'><em>ἀπονεύειν</em></span> <span class='ocrx_word' id='word_1_314' title='bbox 378 3675 524 3753; x_wconf 89' lang='lat' dir='ltr'>negatur,</span> <span class='ocrx_word' id='word_1_315' title='bbox 548 3690 613 3735; x_wconf 91' lang='lat' dir='ltr'>non</span> <span class='ocrx_word' id='word_1_316' title='bbox 627 3670 791 3752; x_wconf 90' lang='lat' dir='ltr'>intellego.</span> <span class='ocrx_word' id='word_1_317' title='bbox 825 3668 967 3735; x_wconf 87' lang='lat' dir='ltr'>Maxime</span> <span class='ocrx_word' id='word_1_318' title='bbox 982 3688 1058 3735; x_wconf 90' lang='lat' dir='ltr'>vero</span> <span class='ocrx_word' id='word_1_319' title='bbox 1073 3668 1150 3734; x_wconf 89' lang='lat' dir='ltr'>inde</span> <span class='ocrx_word' id='word_1_320' title='bbox 1165 3666 1439 3753; x_wconf 88' lang='lat' dir='ltr'>deprehendImus</span> 
     </span>
     <span class='ocr_line' id='line_1_34' title="bbox 175 3769 1439 3855; baseline 0.002 -22"><span class='ocrx_word' id='word_1_321' title='bbox 175 3770 445 3854; x_wconf 88' lang='lat' dir='ltr'>interpolatorem,</span> <span class='ocrx_word' id='word_1_322' title='bbox 470 3770 555 3855; x_wconf 91' lang='lat' dir='ltr'>quod</span> <span class='ocrx_word' id='word_1_323' title='bbox 578 3772 777 3853; x_wconf 78' lang='grc' dir='ltr'><em>ἀδολεσχίαν</em></span> <span class='ocrx_word' id='word_1_324' title='bbox 799 3776 964 3854; x_wconf 88' lang='lat' dir='ltr'>nunoupat</span> <span class='ocrx_word' id='word_1_325' title='bbox 979 3790 1064 3853; x_wconf 89' lang='lat' dir='ltr'>quae</span> <span class='ocrx_word' id='word_1_326' title='bbox 1081 3769 1252 3853; x_wconf 87' lang='lat' dir='ltr'>diligenter</span> <span class='ocrx_word' id='word_1_327' title='bbox 1267 3769 1439 3836; x_wconf 89' lang='lat' dir='ltr'>elaborata</span> 
     </span>
     <span class='ocr_line' id='line_1_35' title="bbox 176 3870 1435 3956; baseline 0 -19"><span class='ocrx_word' id='word_1_328' title='bbox 176 3891 246 3937; x_wconf 86' lang='lat' dir='ltr'>esse</span> <span class='ocrx_word' id='word_1_329' title='bbox 268 3871 362 3936; x_wconf 91' lang='lat' dir='ltr'>modo</span> <span class='ocrx_word' id='word_1_330' title='bbox 384 3870 591 3954; x_wconf 79' lang='lat' dir='ltr'>significavit.</span> <span class='ocrx_word' id='word_1_331' title='bbox 624 3873 762 3938; x_wconf 90' lang='lat' dir='ltr'>Dionem</span> <span class='ocrx_word' id='word_1_332' title='bbox 786 3873 872 3937; x_wconf 91' lang='lat' dir='ltr'>enim</span> <span class='ocrx_word' id='word_1_333' title='bbox 893 3873 1024 3956; x_wconf 87' lang='lat' dir='ltr'>saepius</span> <span class='ocrx_word' id='word_1_334' title='bbox 1046 3873 1106 3937; x_wconf 91' lang='lat' dir='ltr'>hoo</span> <span class='ocrx_word' id='word_1_335' title='bbox 1121 3872 1219 3938; x_wconf 91' lang='lat' dir='ltr'>verbo</span> <span class='ocrx_word' id='word_1_336' title='bbox 1235 3873 1282 3936; x_wconf 92' lang='lat' dir='ltr'>uti</span> <span class='ocrx_word' id='word_1_337' title='bbox 1298 3877 1435 3954; x_wconf 85' lang='lat' dir='ltr'>oonstat,</span> 
     </span>
    </p>
   </div>
   <div class='ocr_carea' id='block_1_3' title="bbox 174 3975 1436 4567">
    <p class='ocr_par' dir='ltr' id='par_1_3' title="bbox 174 3975 1436 4567">
     <span class='ocr_line' id='line_1_36' title="bbox 174 3975 1436 4061; baseline 0.001 -23"><span class='ocrx_word' id='word_1_338' title='bbox 174 3979 210 4038; x_wconf 85' lang='lat' dir='ltr'>ut</span> <span class='ocrx_word' id='word_1_339' title='bbox 232 3982 304 4052; x_wconf 88' lang='grc' dir='ltr'><em>τοῖς</em></span> <span class='ocrx_word' id='word_1_340' title='bbox 327 3979 405 4051; x_wconf 75' lang='grc' dir='ltr'><em>τοὺς</em></span> <span class='ocrx_word' id='word_1_341' title='bbox 424 3979 596 4061; x_wconf 80' lang='grc' dir='ltr'><em>γραπτους</em></span> <span class='ocrx_word' id='word_1_342' title='bbox 619 3976 736 4059; x_wconf 87' lang='grc' dir='ltr'><em>λόγους</em></span> <span class='ocrx_word' id='word_1_343' title='bbox 758 3979 948 4061; x_wconf 78' lang='grc' dir='ltr'><em>γράφουσιν</em></span> <span class='ocrx_word' id='word_1_344' title='bbox 970 3994 1006 4040; x_wconf 86' lang='lat' dir='ltr'>se</span> <span class='ocrx_word' id='word_1_345' title='bbox 1028 3979 1179 4059; x_wconf 84' lang='lat' dir='ltr'>opponat.</span> <span class='ocrx_word' id='word_1_346' title='bbox 1224 3975 1338 4058; x_wconf 86' lang='lat' dir='ltr'>Neque</span> <span class='ocrx_word' id='word_1_347' title='bbox 1362 3994 1436 4040; x_wconf 87' lang='lat' dir='ltr'>eum</span> 
     </span>
     <span class='ocr_line' id='line_1_37' title="bbox 174 4075 1436 4160; baseline 0.002 -20"><span class='ocrx_word' id='word_1_348' title='bbox 174 4076 383 4160; x_wconf 89' lang='lat' dir='ltr'>sequentibus</span> <span class='ocrx_word' id='word_1_349' title='bbox 413 4077 515 4160; x_wconf 89' lang='lat' dir='ltr'>ipsius</span> <span class='ocrx_word' id='word_1_350' title='bbox 543 4077 658 4141; x_wconf 87' lang='lat' dir='ltr'>Dionis</span> <span class='ocrx_word' id='word_1_351' title='bbox 686 4075 793 4142; x_wconf 88' lang='lat' dir='ltr'>verbis</span> <span class='ocrx_word' id='word_1_352' title='bbox 822 4075 903 4141; x_wconf 89' lang='lat' dir='ltr'>haee</span> <span class='ocrx_word' id='word_1_353' title='bbox 932 4077 1011 4141; x_wconf 90' lang='lat' dir='ltr'>satis</span> <span class='ocrx_word' id='word_1_354' title='bbox 1040 4076 1221 4141; x_wconf 89' lang='lat' dir='ltr'>oohaerent.</span> <span class='ocrx_word' id='word_1_355' title='bbox 1265 4075 1350 4141; x_wconf 92' lang='lat' dir='ltr'>Nam</span> <span class='ocrx_word' id='word_1_356' title='bbox 1378 4082 1436 4142; x_wconf 88' lang='grc' dir='ltr'>καί</span> 
     </span>
     <span class='ocr_line' id='line_1_38' title="bbox 174 4177 1435 4262; baseline 0.001 -20"><span class='ocrx_word' id='word_1_357' title='bbox 174 4184 253 4261; x_wconf 80' lang='grc' dir='ltr'><em>ημῖν</em></span> <span class='ocrx_word' id='word_1_358' title='bbox 278 4198 363 4243; x_wconf 89' lang='lat' dir='ltr'>nuno</span> <span class='ocrx_word' id='word_1_359' title='bbox 386 4177 570 4243; x_wconf 89' lang='lat' dir='ltr'>nonhabet</span> <span class='ocrx_word' id='word_1_360' title='bbox 593 4198 655 4262; x_wconf 92' lang='lat' dir='ltr'>quo</span> <span class='ocrx_word' id='word_1_361' title='bbox 677 4177 844 4243; x_wconf 83' lang='lat' dir='ltr'>referatur.</span> <span class='ocrx_word' id='word_1_362' title='bbox 888 4179 1116 4243; x_wconf 90' lang='lat' dir='ltr'>Demonstravi</span> <span class='ocrx_word' id='word_1_363' title='bbox 1137 4179 1172 4243; x_wconf 96' lang='lat' dir='ltr'>in</span> <span class='ocrx_word' id='word_1_364' title='bbox 1194 4178 1334 4243; x_wconf 89' lang='lat' dir='ltr'>Hermae</span> <span class='ocrx_word' id='word_1_365' title='bbox 1357 4184 1435 4244; x_wconf 84' lang='lat' dir='ltr'>tom.</span> 
     </span>
     <span class='ocr_line' id='line_1_39' title="bbox 174 4279 1434 4364; baseline 0.002 -22"><span class='ocrx_word' id='word_1_366' title='bbox 174 4279 287 4345; x_wconf 90' lang='lat' dir='ltr'>XXVI</span> <span class='ocrx_word' id='word_1_367' title='bbox 319 4280 464 4346; x_wconf 88' lang='lat' dir='ltr'>fabulam</span> <span class='ocrx_word' id='word_1_368' title='bbox 493 4281 651 4364; x_wconf 88' lang='lat' dir='ltr'>Libyoam</span> <span class='ocrx_word' id='word_1_369' title='bbox 684 4300 768 4364; x_wconf 89' lang='lat' dir='ltr'>quae</span> <span class='ocrx_word' id='word_1_370' title='bbox 801 4300 886 4345; x_wconf 89' lang='lat' dir='ltr'>nuno</span> <span class='ocrx_word' id='word_1_371' title='bbox 922 4286 1074 4364; x_wconf 87' lang='lat' dir='ltr'>separata</span> <span class='ocrx_word' id='word_1_372' title='bbox 1102 4279 1222 4362; x_wconf 88' lang='lat' dir='ltr'>legitur</span> <span class='ocrx_word' id='word_1_373' title='bbox 1256 4280 1434 4364; x_wconf 91' lang='lat' dir='ltr'>aliquando</span> 
     </span>
     <span class='ocr_line' id='line_1_40' title="bbox 174 4377 1433 4469; baseline 0.001 -22"><span class='ocrx_word' id='word_1_374' title='bbox 174 4388 253 4447; x_wconf 90' lang='lat' dir='ltr'>orat.</span> <span class='ocrx_word' id='word_1_375' title='bbox 277 4382 322 4447; x_wconf 87' lang='lat' dir='ltr'>IV</span> <span class='ocrx_word' id='word_1_376' title='bbox 355 4382 410 4469; x_wconf 53' lang='lat' dir='ltr'>,de</span> <span class='ocrx_word' id='word_1_377' title='bbox 432 4377 545 4467; x_wconf 88' lang='lat' dir='ltr'>regno&#39;</span> <span class='ocrx_word' id='word_1_378' title='bbox 571 4388 695 4467; x_wconf 88' lang='lat' dir='ltr'>partem</span> <span class='ocrx_word' id='word_1_379' title='bbox 717 4382 827 4448; x_wconf 75' lang='lat' dir='ltr'>fauisse.</span> <span class='ocrx_word' id='word_1_380' title='bbox 872 4383 955 4448; x_wconf 88' lang='lat' dir='ltr'>Hine</span> <span class='ocrx_word' id='word_1_381' title='bbox 978 4381 1167 4466; x_wconf 84' lang='lat' dir='ltr'>explieatur,</span> <span class='ocrx_word' id='word_1_382' title='bbox 1191 4383 1275 4466; x_wconf 90' lang='lat' dir='ltr'>quod</span> <span class='ocrx_word' id='word_1_383' title='bbox 1299 4383 1433 4449; x_wconf 83' lang='lat' dir='ltr'>exordio</span> 
     </span>
     <span class='ocr_line' id='line_1_41' title="bbox 174 4484 1432 4567; baseline -0.001 -17"><span class='ocrx_word' id='word_1_384' title='bbox 174 4491 272 4552; x_wconf 82' lang='lat' dir='ltr'>earet.</span> <span class='ocrx_word' id='word_1_385' title='bbox 318 4484 411 4562; x_wconf 77' lang='lat' dir='ltr'>Quod</span> <span class='ocrx_word' id='word_1_386' title='bbox 439 4506 514 4551; x_wconf 87' lang='lat' dir='ltr'>vero</span> <span class='ocrx_word' id='word_1_387' title='bbox 543 4488 578 4551; x_wconf 93' lang='lat' dir='ltr'>in</span> <span class='ocrx_word' id='word_1_388' title='bbox 606 4485 698 4552; x_wconf 90' lang='lat' dir='ltr'>libris</span> <span class='ocrx_word' id='word_1_389' title='bbox 726 4485 894 4550; x_wconf 84' lang='lat' dir='ltr'>exordium</span> <span class='ocrx_word' id='word_1_390' title='bbox 923 4486 1042 4567; x_wconf 89' lang='lat' dir='ltr'>legitur</span> <span class='ocrx_word' id='word_1_391' title='bbox 1070 4485 1111 4550; x_wconf 89' lang='lat' dir='ltr'>ab</span> <span class='ocrx_word' id='word_1_392' title='bbox 1134 4485 1257 4551; x_wconf 80' lang='lat' dir='ltr'>Aratha</span> <span class='ocrx_word' id='word_1_393' title='bbox 1285 4485 1432 4550; x_wconf 89' lang='lat' dir='ltr'>additum</span> 
     </span>
    </p>
   </div>
   <div class='ocr_carea' id='block_1_4' title="bbox 0 0 1538 5160">
    <p class='ocr_par' dir='ltr' id='par_1_4' title="bbox 0 0 1538 5160">
     <span class='ocr_line' id='line_1_42' title="bbox 0 0 1538 5160; baseline 0 8"><span class='ocrx_word' id='word_1_394' title='bbox 0 0 1538 5160; x_wconf 95' lang='lat' dir='ltr'> </span> 
     </span>
    </p>
   </div>
  </div>
 </body>
</html>
