3068 5160
133 305 196 364 254
596 303 720 360 DIONIS
736 302 926 360 Rflonllcl

132 484 325 564 ὑποκριτῶν
346 473 451 559 (τινι)
474 476 602 553 δεικνδς
621 481 700 553 τούς
722 479 952 552 ἐκπίπτοντας
966 480 1023 539 καί
1046 483 1322 562 συριττομένους
1337 498 1408 540 τοι·

133 592 217 644 αῦτα
234 582 488 665 παραμυθοῖτο,
505 573 622 654 Ὅπως
636 577 720 664 μηδὲ
738 582 778 641 σά
795 577 984 664 προσέξεις,
1000 572 1077 641 ἀλλ’
1096 581 1228 660 δμοίως
1247 582 1406 662 ἀγωνιεῖ.

132 686 188 746 καί
203 691 259 745 νῦν
274 686 352 762 ὑμῖν
370 679 488 762 σχεδόν
503 685 626 744 ἰκτῖνοι
642 679 804 764 λέγουσιν,
824 673 893 760 Οὐχ
908 680 1006 765 δρᾶτε
1021 684 1100 756 τούς
1118 673 1345 766 Ἀθηναίους
1362 684 1408 757 ὡς

134 788 392 869 ἀσχημονοῦσιν,
416 787 463 859 ὡς
477 792 586 859 κακῶς
602 786 791 860 ἀκούουσιν,
815 786 862 857 ὡς
878 780 1092 866 παράδειγμα
1109 782 1219 846 πᾶσίν
1243 788 1324 846 εἰσι
1348 793 1409 870 τῆς

55 890 116 951 120
135 889 306 968 ἀγεννείας
320 890 376 949 καὶ
391 895 450 972 τῆς
465 888 603 970 ὕβρεως,
623 887 663 970 ἣν
678 881 871 970 ὑβρίζουσιν
886 887 936 960 εἰς
950 889 1010 971 τήν
1025 883 1175 970 πατρίδα
1181 908 1195 961 ,·
1289 888 1410 950 καίτοι
1427 899 1437 947 1

135 993 280 1072 πότερον
295 990 346 1073 θῇ
360 1010 413 1063 τις
429 981 552 1063 αὐτούς
567 989 818 1070 ἀνταγωνιστάς
832 991 934 1068 ὑμῶν,
952 990 1067 1073 ὥσπερ
1083 985 1252 1066 ἀξιοῦσιν,
1279 990 1302 1073 ἢ
1320 987 1408 1069 μᾶλ-

136 1089 202 1168 λον,
228 1086 245 1152 δ
263 1090 312 1172 τῷ
328 1093 432 1152 παντὶ
446 1088 580 1171 βέλτιον
595 1092 651 1152 καὶ
666 1087 886 1174 δικαιότερον,
908 1093 964 1153 καί
985 1094 1126 1166 τούτους
1146 1092 1205 1152 καί
1221 1093 1312 1166 τούς
1328 1095 1408 1153 Λα-

135 1191 372 1273 κεδαιμονίους
386 1195 443 1255 καὶ
465 1195 597 1266 πάντας
618 1195 698 1267 τούς
720 1193 859 1272 ὁμοίους
877 1197 979 1276 μέρος
993 1196 1152 1276 ὑμέτερον
1167 1194 1187 1277 ή
1205 1190 1304 1272 ὑμᾶς
1321 1195 1408 1255 ἐκεί-

135 1318 200 1358 νων
207 1319 218 1371 ,·
241 1287 318 1356 ἀλλ’
345 1297 420 1357 οὔτε
443 1298 522 1369 τούς
544 1295 796 1375 ἀνταγωνιστάς
815 1297 1069 1379 ἁμαρτάνοντας
1087 1292 1225 1375 εὔλογόν
1248 1296 1335 1357 ἐστι
1350 1317 1406 1374 μι-

132 1400 289 1477 μεῖσθαι,
312 1398 508 1458 τούναντίον
532 1393 568 1457 δὲ
591 1399 741 1478 τοσούτῳ
764 1394 890 1476 μᾶλλον
912 1399 1113 1482 κατορθοῦν,
1138 1397 1192 1458 ἵνα
1216 1395 1270 1478 τῷ
1297 1401 1408 1462 παντὶ
1426 1407 1446 1458 11

135 1500 310 1583 φαίνησθε
333 1503 535 1582 προέχοντες
558 1501 677 1577 αὐτῶν,
700 1501 756 1560 καὶ
777 1502 821 1584 μή
845 1503 948 1580 μόνον
965 1496 1021 1560 διά
1037 1501 1096 1584 τήν
1112 1499 1250 1560 ἐκείνων
1266 1502 1405 1581 κακίαν,

135 1598 220 1660 ἀλλά
243 1603 299 1662 καὶ
322 1598 379 1662 διά
401 1603 461 1686 τήν
485 1602 594 1663 αὐτῶν
617 1603 737 1686 ἀρετήν
753 1600 965 1687 εὐδοκιμῆτε·
989 1602 1159 1674 οὔτετοδς
1175 1602 1405 1676 οἰκείουςκαὶ

133 1704 377 1786 προσήκοντας,
400 1700 485 1764 ἀλλά
507 1701 656 1784 μάλιστα
678 1706 739 1782 μὲν
754 1701 905 1780 κωλύειν,
928 1705 959 1765 εἰ
982 1694 1015 1763 δ’
1035 1702 1103 1778 οὖν,
1125 1693 1251 1777 αὗτοός
1266 1724 1309 1784 γε
1327 1724 1404 1767 πει·

132 1802 266 1887 ρᾶσθαι
288 1810 361 1879 τοῖς
384 1809 512 1866 έαυτῶν
535 1807 648 1889 ἔργοις
670 1807 712 1866 τὰ
730 1808 954 1890 ἁμαρτήματα
969 1806 1104 1866 ἐκείνων
1119 1801 1250 1865 ἐλάττω
1268 1812 1401 1869 ποιεῖν.

55 1907 111 1971 121
261 1907 312 1967 ἔτι
336 1896 368 1968 δ’
394 1909 507 1985 εἰμὲν
530 1910 565 1969 έν
587 1913 661 1982 τοῖς
683 1905 800 1982 ἀλλοις
822 1905 926 1992 μηδὲν
949 1896 1058 1968 αι’ντῶν
1082 1903 1269 1990 διεφέρετε,
1302 1899 1402 1970 οὗδὲν
1421 1919 1442 1968 11

132 2005 216 2081 ἴσως
239 2005 309 2070 ἔδει
329 1999 414 2070 καθ’
440 2010 475 2070 έν
497 2017 597 2071 τοῦτο
622 2007 887 2094 φιλοτιμεῖσθαι
914 2013 970 2071 καὶ
999 2013 1138 2070 σκοπεῖν
1167 2010 1266 2082 ὅπως
1289 2011 1369 2094 κρεί
1390 2042 1402 2052 ·

131 2129 210 2182 τους
233 2106 356 2186 δόξετε.
401 2117 458 2172 νῦν
488 2109 523 2172 δὲ
554 2103 659 2174 οὐθέν
687 2115 780 2174 ἐστιν
809 2103 868 2196 ἐφ’
899 2114 964 2193 ὅτῳ
994 2118 1061 2172 τῶν
1090 2112 1163 2171 ἐκεῖ
1186 2116 1401 2190 γιγνομένων

133 2202 190 2270 οὐκ
213 2212 253 2271 ἀν
277 2213 476 2296 αἰσχυνθείη
500 2234 561 2286 τις.
602 2214 674 2276 οἷον
690 2207 795 2288 εὗθδς
817 2215 858 2274 τά
877 2215 957 2297 περὶ
977 2215 1057 2287 τούς
1071 2213 1289 2292 μονομάχους
1308 2215 1399 2274 οὕτω

134 2309 267 2395 σφόδρα
291 2307 477 2396 ἐζηλώκασι
500 2316 727 2398 Κορινθίους,
753 2313 882 2396 μᾶλλον
912 2307 945 2376 δ’
974 2310 1248 2399 ὑπερβεβλήκασι
1271 2322 1318 2399 τῇ
1340 2337 1399 2376 κα·

128 2410 331 2495 κοδαιμονίρι
353 2415 524 2489 κάκείνους
545 2419 601 2478 καί
623 2419 702 2490 τούς
722 2414 844 2490 ἀλλους
860 2419 1024 2493 ἅπαντας,
1050 2417 1136 2476 ὥστε
1153 2417 1187 2476 οἱ
1201 2417 1399 2499 Κορίνθιοι
1418 2426 1442 2477 11

129 2516 190 2594 μὲν
213 2511 277 2590 ἔξω
300 2523 360 2600 της
384 2513 516 2591 πόλεως
538 2519 731 2602 θεωροῦσιν
754 2521 789 2580 έν
809 2516 963 2603 χαράδρᾳ
986 2519 1063 2595 τινί,
1086 2513 1225 2602 πλῆθος
1251 2520 1316 2597 μὲν
1342 2517 1398 2582 δυ·

130 2622 260 2699 ναμένῳ
292 2614 462 2694 δέξασθαι
490 2622 604 2701 τόπῳ,
635 2619 777 2706 ρὀπαρῴ
809 2619 844 2682 δέ
874 2618 985 2694 άλλως
1014 2621 1071 2681 καὶ
1099 2622 1186 2680 όπου
1209 2617 1330 2704 μηδεὶς
1353 2623 1396 2682 άν

130 2718 215 2804 μηδὲ
238 2713 371 2802 θάψειε
392 2719 520 2806 μηδένα
543 2729 609 2783 τῶν
632 2720 838 2807 ἐλευθέρων,
858 2713 1041 2806 Ἀθηναῖοι
1064 2719 1099 2783 δὲ
1123 2723 1158 2783 ἐν
1181 2719 1230 2802 τῷ
1249 2721 1390 2804 θεάτρῳ

132 2823 284 2883 θεῶνται
306 2825 365 2906 τήν
387 2821 489 2909 καλήν
512 2827 635 2907 ταύτην
657 2825 745 2886 θέαν
767 2815 829 2885 ὑπ’
856 2816 957 2908 αὐτήν
976 2826 1035 2908 τήν
1051 2820 1247 2906 ἀκρόπολιν,
1270 2819 1312 2883 οὗ
1331 2825 1393 2884 τδν

131 2925 301 2984 Διόνυσον
330 2926 389 2985 ἐπὶ
417 2927 476 3009 τήν
500 2928 685 3010 ὀρχήστραν
711 2928 887 2988 τιθέασιν·
918 2927 1005 2986 ὥστε
1028 2922 1192 2999 πολλάκις
1214 2927 1250 2986 έν
1274 2915 1396 3000 αὐτοῖς
1417 2935 1454 2986 251

132 3045 207 3084 τινα
232 3022 452 3108 σφάττεσθαι
473 3032 546 3101 τοῖς
568 3028 720 3112 θρόνοις,
745 3027 787 3089 οδ
806 3031 864 3090 τόν
881 3025 1084 3112 ἱεροφάντην
1101 3029 1252 3102 καὶτοὺς
1268 3024 1396 3103 ἅλλους

55 3131 115 3192 122
134 3127 235 3208 ἱερεῖς
258 3125 380 3211 ἀνάγκη
404 3125 568 3205 καθίζειν.
613 3132 669 3192 καὶ
690 3133 749 3192 τδν
772 3133 913 3193 εἰπόντα
938 3132 1018 3214 περὶ
1046 3131 1167 3190 τούτου
1194 3125 1395 3215 φιλόσοφον

132 3231 188 3291 καὶ
210 3231 464 3314 νουθετήσαντα
488 3223 610 3306 αὖτοδς
633 3224 691 3294 οὐκ
714 3229 923 3308 ἀπεδέξαντο
940 3222 1016 3293 οὐδὲ
1036 3229 1215 3316 ἐπῄνεσαν,
1238 3223 1318 3291 ἀλλ’
1341 3233 1396 3293 οὔ·

133 3352 199 3405 τως
228 3328 467 3417 ἐδυσχέραναν,
498 3336 584 3395 ὥστε
610 3336 736 3396 ἐκεῖνον
760 3336 839 3397 όντα
861 3337 923 3414 μὲν
945 3338 1033 3416 γένει
1052 3325 1223 3413 Ῥωμαίων
1244 3330 1396 3417 μηδενός

133 3436 288 3518 ὕστερον,
317 3430 417 3512 δόξαν
441 3433 477 3498 δὲ
500 3434 700 3522 τηλικαύτην
723 3438 840 3516 έχοντα
863 3434 979 3521 ήλίκης
1002 3427 1113 3509 οὐδεὶς
1135 3437 1171 3496 ἐκ
1193 3433 1284 3497 πάνυ
1308 3435 1397 3499 πολ·
1418 3444 1443 3495 11

221 3708 306 3758 1τινι
324 3700 415 3755 addidi
501 3697 572 3758 τοὺο
588 3699 649 3758 ἐκεῖ
665 3704 828 3759 πίπτοντασ
845 3700 922 3767 libri,
940 3716 1009 3756 corr.
1028 3701 1128 3756 Reiske
1214 3699 1299 3756 scrib.
1325 3702 1397 3769 τοὺς

131 3782 384 3861 (ἀνταγωνιστάς)
394 3783 588 3852 ἐκπίπτοντας
599 3791 711 3855 propter
720 3787 738 3841 l.
749 3791 764 3839 6
815 3789 830 3839 2
843 3784 998 3858 προσέξηισ
1007 3787 1032 3842 U
1042 3785 1217 3857 προσέξηοΒ
1270 3790 1396 3860 4νιαρα·

133 3877 271 3943 δείγματα
289 3873 359 3936 libri,
378 3887 448 3927 corr.
470 3871 549 3939 Emp.
603 3864 773 3938 ἐάγενείαο
791 3869 872 3924 UMT
925 3864 1125 3943 θάγωνιστάο
1142 3870 1197 3924 MU
1267 3871 1397 3945 8μέρος

132 3956 273 4029 δμέτερον
290 3955 319 4028 ήι
339 3960 466 4024 exspecto
486 3949 650 4026 ὁμοχόρους
666 3950 820 4028 ὑμετέρους
837 3958 886 4011 καί
903 3949 975 4024 ὑμᾶς
993 3961 1045 4011 etc.
1101 3960 1130 4010 10
1149 3959 1274 4012 τοσοῦτο
1288 3956 1340 4011 UT

136 4051 163 4099 11
186 4041 389 4116 φαίνησθαιΜ
449 4044 477 4093 12
496 4032 714 4109 εόόοκιμοῐτεΤ
769 4044 799 4093 13
819 4041 978 4112 είγοῦνΜ
996 4037 1188 4114 ήγουνΒήγ’
1210 4031 1396 4121 οόνῦκᾷτ’

135 4122 186 4187 οὖν
204 4130 237 4195 Τ,
256 4143 326 4183 corr.
345 4127 451 4194 Pflugk.
524 4125 698 4181 1511ΒΜΤ
786 4122 936 4199 διαφέρετε
954 4127 1035 4182 UMT
1117 4129 1149 4179 16
1168 4131 1212 4182 δεῖ
1226 4125 1298 4191 libri,
1318 4142 1395 4183 corr.

134 4215 235 4271 Reiske
305 4218 335 4266 11
356 4205 477 4268 οὐδὲνΤ
549 4201 606 4283 ότφ
624 4214 667 4286 τῷ
684 4214 743 4266 τῶν
761 4211 790 4263 Μ
870 4215 900 4265 18
919 4210 1091 4266 scribendum
1111 4209 1309 4280 αἰοχυνθείητε
1328 4212 1394 4275 (del.

136 4307 187 4365 τις)
258 4304 289 4353 19
308 4298 337 4355 δὲ
354 4297 433 4351 BMT
486 4301 518 4350 20
536 4296 715 4352 xaxlvovoU
773 4300 805 4349 25
824 4292 1001 4353 διατιθέασιν
1018 4295 1068 4351 UT
1132 4300 1165 4350 26
1183 4314 1266 4351 τιναο
1282 4294 1338 4347 ΜΤ

136 4375 298 4454 φάττεσθαι
321 4383 352 4437 Μ
456 4386 487 4436 29
510 4382 563 4451 μὲν
589 4378 659 4438 όντα
681 4381 742 4446 (hoc
766 4381 834 4448 ord.)
856 4382 935 4448 libri,
958 4386 1062 4448 transp.
1085 4380 1164 4449 Emp.
1252 4382 1395 4448 Ρωμαῖον

136 4466 210 4523 UBT
298 4471 330 4520 30
349 4471 465 4524 πολλῶν
482 4468 531 4522 UT
551 4466 625 4536 (quid
642 4469 664 4519 B
683 4466 802 4533 dubium)
