3068 5160
590 328 726 386 ORATIO
743 329 780 384 11.

216 502 253 576 ὃς
275 505 331 566 καί
350 506 474 588 χρυσόν
496 503 579 583 ἔχων
602 494 787 582 πόλεμόνδ’
813 501 862 565 ἴεν
884 507 962 588 ηύτε
984 506 1086 588 κούρη

216 605 347 688 νήπιος,
373 595 445 667 οὐδ’
470 607 536 688 ἀρα
560 605 594 665 οἱ
616 607 655 665 τό
677 596 710 686 γ’
735 607 899 690 ἐπήρκεσε
923 602 1040 689 λυγρόν
1064 602 1208 688 ὄλεθρον

215 697 291 766 ἀλλ’
316 703 422 791 ἐδάμη
446 707 514 767 ύπό
535 707 631 790 χερσί
654 703 828 780 ποδώκεος
850 703 1024 768 Αἰακίδαο

215 807 250 868 ἐν
273 805 434 890 ποταμῷ·
454 810 578 891 χρυσόν
602 799 635 870 δ’
657 799 806 887 Ἀχιλεύς
828 809 987 888 ἐκόμισσε
1010 805 1179 893 δαΐφρων·

20 905 250 990 ῠκαταγελῶν
280 910 384 971 αύτού
411 917 470 994 τῆς
496 919 626 996 τρυφῆς
656 912 725 990 ἅμα
753 911 809 972 καί
838 917 897 995 τῆς
927 910 1137 994 ἀφροσύνης,
1166 911 1219 970 ότι
1240 912 1313 982 τοῖς
1326 911 1363 972 51

62 1008 242 1091 πολεμίοις
270 1008 363 1072 ἆθλα
397 1006 528 1090 ἐκόμιζε
562 1019 624 1072 τοῦ
650 1012 803 1072 θανάτου
834 1007 959 1089 σχεδόν.
1013 1011 1129 1072 ούκουν
1158 1013 1316 1096 φαίνεται

57 1113 291 1197 χρυσοφορίας
313 1114 465 1174 ἐπαινῶν
490 1107 532 1196 [ό]
549 1104 705 1198 Ὅμηρος,
728 1114 785 1175 καί
806 1119 910 1174 ταῦτα
934 1113 984 1186 εἰς
1003 1109 1163 1192 πόλεμον,
1185 1109 1316 1194 ψελίων

60 1235 97 1276 τε
118 1216 174 1275 καί
199 1221 384 1298 στρεπτῶν,
408 1211 511 1277 ἔτιδὲ
531 1222 664 1299 χρυσῶν
681 1212 843 1300 φαλάρων
860 1215 916 1276 καί
934 1211 1092 1295 χαλινῶν,
1117 1216 1222 1276 ὁποῖα
1238 1216 1317 1288 τούς

60 1317 199 1399 Πέρσας
228 1317 333 1401 φασίν
362 1314 591 1401 ἐπιτηδεύειν·
621 1317 659 1378 ού
688 1317 750 1400 γάρ
781 1317 914 1395 ἔχουσιν
943 1318 1147 1402 ἐπιτιμητὴν
1168 1308 1315 1400 Ὅμηρον

10 1427 37 1480 [0
59 1424 126 1479 τῶν
139 1415 341 1498 πολεμικῶν.
442 1420 478 1479 ἐκ
493 1415 529 1480 δὲ
545 1421 672 1480 τούτων
684 1424 751 1479 τῶν
763 1414 1041 1502 ἐπιτηδευμάτων
1052 1421 1132 1492 τούς
1146 1438 1182 1480 τε
1198 1420 1315 1503 ἀρχον-
1326 1418 1366 1480 52

59 1540 121 1594 τας
144 1521 330 1604 πεποίηκεν
359 1520 512 1602 ἀγαθούς
541 1521 598 1581 καί
625 1522 664 1581 τό
688 1517 825 1605 πλῆθος
854 1519 1020 1582 εύτακτον.
1066 1522 1211 1605 προΐασι
1236 1527 1314 1602 γοῦν

61 1618 151 1702 αὐτῷ
175 1628 267 1704 σιγῇ,
294 1611 473 1695 ίδειδιότες
496 1613 737 1705 σημάντορας’,
767 1623 801 1683 οἱ
823 1619 859 1684 δέ
887 1622 1056 1706 βάρβαροι
1076 1622 1161 1701 μετά
1185 1618 1317 1683 πολλοῦ

59 1723 212 1806 θορύβου
241 1724 297 1783 καί
325 1718 483 1800 ἀταξίας,
513 1727 589 1797 ταῖς
610 1726 765 1807 γεράνοις
794 1725 937 1804 δμοίως·
967 1726 1014 1798 ὡς
1042 1731 1142 1785 τοῦτο
1165 1721 1313 1803 μάλιστα

62 1824 227 1907 σωτήριον
248 1818 323 1905 (av)
344 1825 401 1886 καί
415 1826 599 1909 νικηφόρον
621 1826 657 1886 ἐν
679 1829 753 1900 τοῖς
774 1823 952 1903 κινδύνοις,
975 1827 1014 1886 τό
1029 1827 1073 1910 μη
1092 1823 1204 1900 ἀδεεῖς
1226 1824 1314 1887 εἶναι

10 1935 35 1987 15
58 1932 125 1986 τῶν
151 1927 323 2009 ηγεμόνων
351 1926 430 1999 τούς
461 1928 681 2010 στρατιώτας.
726 1931 803 1989 όσοι
833 1919 865 1990 δ’
896 1929 936 1989 ἀν
971 1925 1055 1987 ώσιν
1089 1927 1219 2011 ἀφοβοι
1248 1933 1314 1987 τῶν

59 2031 232 2112 σφετέρων
255 2028 440 2111 ἀρχόντων,
465 2025 560 2088 οὗτοι
581 2031 724 2107 τάχιστα
751 2030 791 2090 ἀν
821 2029 985 2114 φοβοῖντο
1014 2029 1092 2101 τούς
1120 2024 1313 2106 πολεμίους.

57 2131 114 2192 καί
134 2133 252 2209 μέντοι
273 2131 330 2191 καί
351 2135 514 2202 νικῶντας
536 2131 615 2203 τούς
634 2119 791 2208 Ἀχαιούς
805 2121 890 2191 καθ’
915 2130 1055 2214 ησυχίαν
1072 2129 1158 2214 φησί
1175 2144 1313 2212 στρατο-
1325 2128 1364 2189 53

59 2229 230 2294 πεδεύειν·
261 2231 355 2315 παρά
385 2228 421 2292 δὲ
452 2235 525 2304 τοῖς
556 2233 689 2314 Τρωσίν
718 2228 836 2316 ἐπειδη
871 2251 906 2292 τι
939 2228 1150 2294 πλεονεκτεῖν
1184 2227 1313 2308 ἔδοξαν,

59 2334 163 2408 εὐθύς
186 2330 275 2395 εἶναι
298 2325 346 2393 δι’
371 2328 451 2415 όλης
473 2340 532 2417 τῆς
554 2334 671 2406 νυκτδς

10 2443 37 2494 λθ
212 2430 322 2495 αύλῶν
346 2435 509 2517 συρίγγων
532 2423 563 2496 τ’
590 2436 716 2520 ἐνοπην
738 2430 865 2514 όμαδόν
887 2425 921 2494 τ’
947 2435 1159 2518 ἀνθρώπων·

56 2539 103 2612 ώς
134 2537 192 2598 καί
218 2543 318 2597 τοῦτο
353 2537 466 2597 ίκανδν
491 2528 566 2617 (av)
593 2540 732 2620 σημεῖον
764 2537 885 2621 ἀρετῆς
915 2537 935 2620 ἢ
964 2538 1091 2612 κακίας,
1122 2537 1245 2608 οίτινες
1274 2536 1314 2596 ἀν

56 2641 224 2723 ἐγκρατῶς
245 2639 307 2712 τάς
329 2638 481 2716 εὐτυχίας
502 2639 522 2722 ἢ
546 2639 741 2700 τούναντίον
770 2628 856 2716 μεθ’
880 2638 1009 2720 ὕβρεως
1033 2642 1192 2722 φέρωσιν.
1238 2638 1315 2714 ἐμοὶ
1325 2637 1364 2697 54

54 2743 116 2822 μὲν
140 2741 214 2816 οὖν,
238 2738 264 2800 ὦ
289 2741 407 2823 πάτερ,
433 2741 637 2814 ἱκανώτατος
661 2741 898 2825 σωφρονιστὴς
919 2730 1066 2822 Ὅμηρος
1087 2739 1143 2798 καί
1166 2739 1184 2797 ό
1205 2740 1312 2817 τούτῳ

56 2843 267 2924 πειρώμενος
289 2843 347 2903 τόν
370 2849 447 2903 νοιῖν
470 2845 649 2925 προσέχειν
666 2841 904 2920 εὐτυχέστατός
925 2860 961 2901 τε
983 2841 1039 2901 καί
1054 2841 1194 2923 ἀριστος
1216 2839 1313 2919 βασι-

10 2952 33 3004 ῶ
57 2938 142 3016 λεύς.
181 2944 281 3016 αύτδς
303 2943 366 3026 γάρ
391 2950 511 3028 σαφῶς
525 2943 734 3004 ὑποτίθεται
751 2939 809 3004 δύο
825 2943 886 3016 τάς
901 2938 1172 3023 βασιλικωτάτας
1192 2940 1314 3024 ἀρετάς

10 3056 37 3110 ιι)
55 3045 116 3128 την
139 3064 175 3104 τε
198 3041 355 3128 ἀνδρείαν
376 3046 433 3106 καί
456 3042 680 3128 δικαιοσύνην,
704 3047 791 3106 ὅπου
816 3045 930 3129 φησίν,

211 3146 414 3231 ἀμφότερον,
430 3143 589 3226 βασιλεύς
604 3137 636 3205 τ’
655 3146 788 3227 ἀγαθός
802 3148 962 3229 κρατερός
978 3134 1010 3206 τ’
1030 3145 1203 3229 αἰχμητής,

55 3249 103 3322 ώς
125 3253 193 3309 τῶν
216 3243 327 3309 ἀλλων
349 3249 489 3322 ταύταις
505 3251 749 3326 συνεπομένων.
789 3248 827 3308 ού
845 3252 962 3327 μέντοι
977 3249 1080 3328 μόνον
1098 3247 1198 3308 αὐτόν
1215 3243 1312 3324 οἶμαι
1323 3249 1363 3309 55

142 3494 253 3551 1Ηουι.
272 3494 303 3548 11.
323 3494 346 3548 Β
364 3499 458 3564 872sq.
565 3495 683 3565 λνητιίη
700 3493 759 3548 PW
865 3492 1098 3552 3ποδώκεασῦ
1196 3487 1312 3564 424ch-

55 3587 122 3640 λευσ
139 3579 236 3636 UBVP
330 3576 449 3649 ἐκόμισε
466 3579 512 3634 ΡΒ
608 3573 731 3636 whom.
749 3578 776 3634 V
870 3581 996 3650 ψελλίων
1013 3579 1073 3633 PW
1166 3578 1256 3632 malim
1274 3576 1313 3643 εἰς

54 3662 184 3736 πόλεμον
200 3661 342 3736 (ἰόντων)
437 3669 452 3720 8
467 3668 594 3736 χαλινῶν
612 3663 659 3719 UB
676 3665 806 3735 χαλκίων
823 3664 848 3718 V
863 3666 1008 3736 χαλκείων
1025 3663 1084 3718 PW
1175 3668 1204 3717 10
1227 3666 1312 3720 πολε·

54 3751 163 3820 μίωνΡ
248 3748 282 3806 ἐκ
293 3749 323 3806 δὲ
340 3741 452 3807 τούτων
464 3755 516 3804 etc.
534 3750 602 3805 haec
620 3765 682 3804 cum
699 3749 922 3805 antecedentibus
940 3764 994 3804 non
1012 3749 1082 3804 bene
1100 3750 1247 3804 cohaerent

55 3841 87 3890 12
105 3828 237 3892 αὐτῶνΒ
255 3827 346 3892 αὐτὸν
362 3839 495 3889 mutatum
512 3834 631 3890 radendo
649 3836 677 3888 in
695 3829 820 3892 αύτοίΠ
872 3839 938 3907 σιγῇ
956 3834 1046 3890 om.V
1099 3830 1264 3891 dedco'veaV

54 3918 237 3992 σημάντορεσ
254 3919 280 3975 V
381 3919 460 3974 Hom.
483 3918 516 3976 11.
534 3923 559 3977 A
576 3924 624 3974 431
644 3924 672 3974 et
688 3923 717 3976 Γ
734 3924 799 3975 1-9
906 3924 939 3974 14
957 3915 993 3978 όν
1015 3935 1032 3974 a
1048 3919 1124 3974 libris
1141 3919 1232 3986 abest,
1250 3917 1312 3971 add.

53 4004 174 4060 DIndorf
276 4009 307 4059 16
324 4010 447 4074 βαβοῖτο
466 4005 493 4071 (i.
511 4019 535 4060 ε.
554 4008 690 4075 φοβοῖτο)
708 4004 730 4058 Ρ
836 4010 866 4059 17
886 4023 973 4077 φασει
990 4009 1030 4072 (at
1052 4026 1078 4063 ει
1102 4001 1271 4072 compendio)
1290 4001 1315 4054 V

54 4090 140 4146 voluit
156 4108 228 4161 φασι
298 4093 330 4144 18
348 4085 444 4158 ἔδοξεν
462 4090 486 4146 U
503 4085 600 4157 δόοξεν
617 4086 696 4148 ἀνί
766 4093 798 4144 20
816 4089 897 4145 Hom.
909 4090 941 4144 Il.
960 4090 1031 4144 1113
1101 4093 1132 4143 λι
1154 4083 1219 4145 ἀνα
1235 4086 1313 4140 libris

53 4174 139 4239 abest,
157 4175 220 4230 add.
239 4173 357 4229 Dindorf
442 4175 515 4229 inter
537 4168 580 4230 ώσ
601 4179 629 4228 et
651 4177 700 4231 καί
723 4174 751 4228 in
768 4173 790 4228 P
808 4189 944 4243 superscr.
963 4174 993 4232 δὲ
1016 4175 1057 4230 vel
1076 4169 1107 4245 δὴ
1207 4175 1239 4224 22
1258 4167 1314 4230 τάσ

54 4253 190 4332 εύτυχίασ
206 4276 258 4316 om.
276 4257 325 4314 ΠΒ
414 4263 446 4313 23
466 4249 518 4316 οὖν
534 4275 586 4316 om.
604 4259 689 4315 PWV
766 4255 945 4332 λκανώτεροσ
962 4257 1013 4313 UV
1090 4257 1230 4314 δοκεῖκαὶ
1248 4259 1313 4328 φαί-

55 4365 135 4402 νεται
165 4344 316 4400 οδδειιδιιια
348 4348 411 4413 post
436 4335 559 4419 Ὅμηρος
589 4349 638 4398 aut
669 4360 731 4400 cum
758 4344 822 4398 Wil.
853 4338 965 4435 (ἔσται)
995 4344 1059 4410 post
1089 4337 1210 4414 ἀριστος

55 4483 87 4534 λλ
106 4471 287 4554 άμφοτέραισ
303 4479 326 4534 Ρ
396 4480 472 4535 Hom.
491 4479 523 4536 Il.
542 4482 570 4536 P
587 4483 635 4533 179
693 4483 726 4533 28
744 4475 840 4536 ἄλλων
857 4448 963 4543 τοώάαις
980 4477 1040 4545 (sict
1058 4491 1125 4546 ειυς.
1144 4474 1272 4546 ταύταισ)
1290 4479 1312 4533 Ρ
