3068 5160
602 332 737 390 ORATIO
755 333 790 388 11.

224 509 302 593 ηύτε
323 507 404 588 βοῦς
426 503 572 592 ἀγέληφι
593 499 668 589 μέγ’
693 504 808 586 ἔξοχος
830 504 952 570 ἔπλετο
975 511 1112 572 πάντων

224 616 361 693 ταῦρος·
385 611 404 671 ό
426 611 488 693 γάρ
511 629 547 670 τε
569 609 690 690 βόεσσι
710 613 925 693 μεταπρέπει
948 611 1167 694 ἀγρομένῃσι·

224 716 317 773 τοῖον
340 701 397 794 ἀρ’
419 700 591 795 Ἀτρείδην
613 711 699 797 θῆκε
722 713 807 784 Ζεύς
828 712 934 795 ῆματι
953 713 1066 792 κείνῳ,

224 803 386 896 ἐκπρεπέ’
411 813 447 874 ἐν
469 809 631 873 πολλοῖσι
651 813 709 874 καί
730 808 845 890 ἔξοχον
866 814 1043 897 ῆρώεσσιν.

33 933 49 982 5
72 924 170 978 τοῦτο
195 913 230 977 δὲ
256 916 313 993 ούχ
336 910 455 988 ἁπλῶς
477 912 623 998 εἴρηκεν,
645 915 723 994 ἐμοὶ
745 911 870 991 δοκεῖν,
900 916 960 999 τῆν
984 915 1077 992 ἰσχύν
1100 914 1204 975 αὐτοῦ
1222 917 1325 993 μόνον
1336 919 1376 982 67

72 1021 223 1080 ἐπαινῶν
245 1017 301 1078 καί
326 1011 498 1091 ἐπιδεῖξαι
526 1011 745 1095 βουλόμενος·
784 1016 870 1076 ούτω
899 1018 960 1094 μὲν
988 1016 1050 1099 γάρ
1078 1013 1116 1102 δη
1137 1018 1193 1078 καί
1216 1013 1325 1078 λέοντι

73 1116 281 1204 παραβαλὼν
296 1115 407 1192 καλῶς
421 1111 499 1197 <ἀν>
514 1117 614 1178 αύτδν
630 1113 739 1178 ἐδόκει
754 1117 993 1202 ἀφομοιῶσαι·
1016 1119 1054 1178 τό
1078 1114 1113 1179 δέ
1129 1120 1253 1203 ῆμερον
1268 1125 1326 1202 τῆς

73 1223 209 1306 φύσεως
238 1216 488 1299 ἐνδεικνύμενος
514 1220 571 1280 καί
598 1221 657 1304 τῆν
685 1219 771 1301 ύπέρ
801 1225 867 1279 τῶν
896 1219 1088 1302 ἀρχομένων
1117 1220 1326 1304 προθυμίαν.

73 1324 92 1382 δ
113 1322 175 1405 γάρ
199 1328 322 1404 ταῦρος
346 1321 403 1382 οὐκ
425 1321 499 1382 ἔστι
520 1327 587 1381 τῶν
608 1321 768 1401 γενναίων
790 1322 893 1398 μόνον
910 1315 1003 1402 ζῴων
1020 1318 1096 1383 οὐδὲ
1114 1322 1219 1382 αύτοῦ
1227 1324 1327 1405 χάριν

20 1438 51 1490 10
69 1432 192 1508 χρῆται
226 1431 268 1508 τῇ
296 1419 395 1506 ἀλκῆ,
430 1422 590 1505 καθάπερ
613 1422 632 1482 ό
653 1440 689 1482 τε
719 1418 802 1482 λέων
823 1423 880 1484 καί
910 1429 968 1495 σῦς
992 1423 1031 1482 οίΙ
1047 1442 1083 1483 τε
1109 1423 1219 1499 ἀετοί,
1248 1420 1326 1484 διώ-

73 1545 188 1598 κοντες
209 1525 251 1585 τά
275 1521 379 1585 λοιπά
409 1518 476 1605 ζῷα
505 1523 562 1584 καί
589 1524 760 1605 κρείττους
787 1525 978 1604 γιγνόμενοι
999 1531 1129 1609 τροφῆς
1151 1527 1244 1586 ἕνεκα
1267 1532 1326 1609 τῆς

76 1629 200 1688 αὐτῶν·
225 1623 278 1687 διδ
303 1622 341 1710 δῆ
364 1626 421 1687 καί
441 1621 569 1704 μάλλον
591 1626 632 1685 ἀν
654 1644 707 1698 τις
731 1625 852 1698 αὐτούς
882 1625 967 1710 φαίη
990 1623 1188 1708 τυραννίδος
1216 1627 1326 1709 παρά-

74 1725 234 1811 δειγμαῆ
264 1724 442 1808 βασιλείας
469 1729 648 1808 γεγονέναι.
694 1726 714 1786 ό
737 1722 772 1788 δὲ
794 1733 917 1810 ταῦρος
940 1734 1077 1811 σαφῶς,
1107 1729 1184 1808 ἐμοί
1206 1725 1325 1805 δοκεῖν,
1337 1730 1377 1793 68

73 1831 161 1913 πρὸς
189 1826 366 1911 βασιλείαν
392 1829 449 1890 καί
477 1824 646 1908 βασιλέως
675 1829 786 1890 εἰκόνα
816 1830 1014 1913 πεποίηται.
1059 1837 1171 1914 τροφῇ
1199 1849 1236 1891 τε
1264 1830 1326 1913 γάρ

24 1945 51 1996 11
73 1933 190 2015 ἑτοίμη
218 1933 275 1994 καί
298 1928 411 2013 διαίτῃ
437 1938 560 2016 χρῆται
587 1932 778 2010 νεμόμενος,
803 1931 889 1992 ὥστε
917 1928 1022 2015 μηδὲν
1051 1928 1121 1992 δεῖν
1142 1925 1327 2010 βιάζεσθαι

73 2031 158 2118 μηδὲ
182 2031 393 2094 πλεονεκτεῖν
421 2034 546 2116 ταύτης
567 2035 691 2108 ἕνεκεν,
720 2023 796 2092 ἀλλ’
829 2034 944 2116 ὥσπερ
974 2037 1047 2106 τοῖς
1075 2028 1204 2111 ὀλβίοις
1229 2032 1326 2111 βασι-

76 2132 187 2197 λεῦσιν
210 2132 373 2220 ἀνελλιπῆ
402 2136 458 2197 καί
480 2134 621 2218 ἄφθονα
644 2135 789 2217 ὑπάρχει
816 2134 858 2194 τά
881 2142 940 2220 τῆς
966 2135 1147 2215 ἀναγκαίου
1168 2135 1326 2218 κτήσεως.

73 2234 247 2317 βασιλεύει
271 2234 306 2299 δὲ
328 2238 385 2299 καί
406 2238 502 2320 ἀρχει
523 2242 590 2296 τῶν
613 2233 795 2319 ὁμοφύλων
816 2227 891 2314 μετ’
917 2237 1064 2312 εὐνοίας,
1094 2237 1140 2310 ώς
1169 2237 1210 2298 ἀν
1232 2233 1328 2297 εἴποι
1338 2239 1379 2301 69

74 2358 137 2415 τις,
158 2340 216 2400 καί
236 2336 447 2424 κηδεμονίας,
471 2345 570 2398 τοῦτο
585 2339 646 2416 μὲν
661 2334 881 2421 ἐξηγούμενος
895 2346 1009 2423 νομῆς,
1031 2345 1130 2399 τοῦτο
1151 2335 1186 2399 δέ
1202 2338 1327 2422 θηρίου

24 2453 54 2505 20
77 2445 241 2524 φανέντος
265 2442 302 2501 οδ
327 2442 474 2526 φεύγων,
504 2436 589 2500 ἀλλά
618 2441 732 2523 πάσης
758 2448 817 2525 τῆς
840 2436 959 2525 ἀγέλης
987 2443 1245 2525 προμαχόμενος
1273 2441 1329 2501 καί

75 2547 148 2615 τοῖς
171 2543 336 2604 ἀσθενέσι
357 2542 508 2625 βοηθῶν,
532 2541 817 2625 προθυμούμενος
833 2536 951 2623 σῴζειν
968 2544 1007 2604 τὸ
1023 2539 1161 2627 πλῆθος
1176 2543 1246 2602 ἀπὸ
1262 2548 1328 2602 τῶν

73 2640 232 2723 χαλεπῶν
260 2646 316 2706 καί
343 2645 468 2728 ἀγρίων
489 2637 675 2727 <θηρίων>·
706 2643 821 2726 ὥσπερ
850 2645 906 2704 καί
933 2645 991 2704 τόν
1020 2645 1164 2727 ἀρχοντα
1188 2645 1249 2727 χρη
1273 2644 1329 2704 καί

75 2743 218 2825 βασιλέα
241 2744 288 2827 τῴ
313 2748 385 2807 όντι
406 2747 462 2807 καί
477 2753 536 2830 τῆς
550 2746 710 2828 μεγίστης
725 2746 760 2806 ἐν
776 2744 978 2827 ἀνθρώποις
994 2745 1052 2805 ούκ
1067 2741 1205 2820 ἀνάξιον
1219 2752 1327 2828 τιμῆς.

76 2848 186 2908 ἐνίοτέ
212 2866 248 2929 γε
276 2849 341 2932 μῆν
369 2844 473 2931 άλλης
506 2843 625 2931 ἀγέλης
658 2848 885 2931 ἐπιφανείσης
918 2841 1116 2928 ἀγωνίζεται
1148 2848 1236 2929 πρὸς
1271 2847 1329 2907 τόν
1341 2851 1380 2912 70

26 2961 55 3012 11
77 2950 205 3032 ἐκείνης
227 2951 372 3033 ῆγεμόνα
395 2949 487 3031 νίκης
509 2950 613 3024 ἕνεκα,
637 2949 683 3022 ὡς
703 2949 843 3031 κρείττω
865 2952 927 3029 μὲν
943 2951 1043 3011 αύτόν
1060 2945 1166 3025 δόξαι,
1189 2949 1328 3032 κρείττω

10 3047 116 3116 111)δέ
145 3052 204 3134 τῆν
235 3050 339 3109 αὐτοῦ
366 3046 494 3132 ἀγέλην.
538 3052 595 3112 καί
621 3052 686 3134 μην
715 3053 754 3111 τό
782 3069 818 3132 γε
848 3052 1051 3136 ἀνθρώποις
1082 3053 1126 3137 μῆ
1158 3048 1329 3131 πολεμεῖν,

78 3147 164 3212 ἀλλά
187 3157 253 3211 τῶν
277 3151 434 3235 ἀφρόνων
458 3144 552 3231 ζῴων
573 3154 861 3236 ἡγεμονικώτατόν
876 3174 912 3215 τε
927 3156 983 3216 καί
998 3156 1137 3238 ἀριστον
1153 3157 1329 3240 πεφυκότα

166 3393 177 3441 1
198 3386 277 3439 Hom.
296 3385 327 3439 Il.
348 3385 371 3438 Β
390 3389 440 3439 480
447 3399 487 3472 sq:
559 3357 779 3457 2άγρομενάισι
798 3385 819 3437 Ρ
837 3373 1029 3458 άγρομένβύιν
1040 3387 1076 3441 W
1091 3381 1331 3461 άγρομένοισινῖ

78 3467 253 3546 ἀγρομένῃσι
271 3471 320 3526 UB
420 3474 519 3526 3οὶον
537 3463 589 3541 ἀρ’
606 3469 665 3524 PW
764 3475 854 3542 θῆκεν
870 3470 897 3526 U
996 3466 1153 3542 4ἧράεσσι
1170 3473 1244 3528 UVP

79 3562 93 3612 5
112 3558 253 3631 εἰρηκέναι
270 3576 320 3625 μοι
337 3560 433 3613 δοκεῖν
450 3555 501 3610 UB
519 3554 660 3628 εἰρηκέναι
676 3575 726 3623 μοι
744 3560 824 3612 δοκεῖ
838 3555 864 3609 V
951 3560 964 3608 ’ί
983 3549 1020 3613 άν
1037 3556 1116 3611 abest
1132 3572 1149 3611 a
1166 3558 1252 3627 libris,
1270 3556 1330 3612 add.

77 3643 179 3698 Jacobs
265 3637 462 3714 παραβάλλων
482 3642 505 3695 V
522 3635 739 3712 παραβάλωνΡ
836 3637 1051 3713 Θπρομήθειαν
1068 3640 1117 3695 UB
1203 3635 1332 3699 9οδκέτι

77 3743 127 3796 pro
149 3720 202 3784 οὐκ
222 3723 323 3783 ἐστιῦ
404 3728 498 3794 ζωίων
514 3725 540 3779 V
628 3730 659 3778 10
678 3725 792 3793 ζάιαῖ
870 3724 1042 3780 scribendum
1059 3726 1221 3796 γίγνονται,
1245 3726 1332 3782 deleto

76 3817 126 3870 καί
143 3819 206 3867 ante
222 3813 372 3884 κρείττους
442 3816 469 3866 11
491 3805 638 3883 γινόμενοι
656 3809 730 3865 UBV
800 3813 831 3864 12
849 3809 1035 3865 scribendum:
1054 3811 1271 3880 παραδείγματα

79 3903 112 3954 14
129 3894 208 3971 πρὸσ
224 3896 345 3968 βασιλέα
363 3896 413 3952 UB
502 3896 593 3950 malim
610 3896 773 3968 βασιλείας,
799 3894 886 3950 deleto
909 3897 958 3950 καί
980 3890 1127 3967 βασιλέοισ
1230 3898 1260 3946 15
1282 3908 1332 3962 pro

77 3985 168 4053 διαίτη
184 3985 288 4053 χρῆται
305 3980 354 4035 UB
372 3981 486 4035 habent:
506 3979 603 4052 ῥαδίαι
619 3974 741 4052 ἧουχῇτε
793 3978 965 4048 νεμομένοισ
982 3980 1032 4035 UB
1085 3984 1143 4035 δεῖν
1160 3993 1212 4033 om.
1231 3977 1280 4032 UB

77 4063 183 4140 μηδένα
201 4066 250 4122 UB
387 4071 415 4119 17
441 4058 593 4136 άνελλειπῆ
608 4065 684 4121 UBV
803 4064 989 4118 scribendum:
1007 4057 1145 4136 ὑπάρχειν
1265 4054 1332 4119 άνα·

76 4154 184 4225 γκαίασ
200 4152 226 4206 U
320 4150 483 4207 κτίσεωσΡ
575 4155 605 4204 19
623 4147 850 4221 κηδαιμονίασΡ
943 4153 975 4202 20
994 4145 1140 4221 φεύγονΡ
1233 4150 1264 4200 21
1284 4149 1333 4202 καί

77 4240 140 4306 post
157 4239 277 4308 βοηθῶν
294 4235 355 4290 αδδ.
373 4235 432 4290 PW
534 4230 778 4306 προμηθούμενοσ
795 4233 844 4288 UB
943 4237 974 4286 22
992 4234 1103 4304 θηρίων
1121 4248 1138 4286 ο
1155 4232 1231 4286 libris
1243 4231 1331 4296 abest,

78 4321 141 4375 add.
152 4320 253 4390 Upton.
330 4315 386 4393 χρὴ
404 4336 456 4375 om.
474 4318 550 4375 UBV
628 4323 660 4372 23
679 4322 720 4392 τῷ
739 4309 824 4375 Sul>
902 4322 933 4372 25
953 4307 1029 4373 άστε
1046 4317 1104 4371 PW
1182 4312 1262 4382 δόξαι
1279 4331 1330 4370 om.

78 4404 112 4461 V.
130 4408 254 4476 φανῆναι
272 4405 321 4460 UB
426 4408 458 4459 26
475 4399 513 4474 μὴ
531 4399 565 4460 τὸ
583 4394 890 4474 πολεμεῖνίμήποτε
906 4401 955 4457 UB
1059 4405 1090 4455 27
1110 4391 1247 4470 ζάιωνῖ

78 4509 111 4546 τε
129 4505 180 4545 om.
199 4489 248 4544 ΠΒ
