3068 5160
557 351 694 408 ORATIO
712 351 812 407 XXXI.
1249 358 1313 416 229

55 526 145 610 αύτῷ
169 530 407 613 προσήκουσαν
430 524 663 613 ἐξαπατηθείς
687 524 786 608 λάβοι
801 527 895 611 παρά
911 533 978 589 τῶν
993 530 1037 614 μη
1053 530 1193 614 κυρίων·
1217 531 1312 617 δγάρ

55 633 95 693 ἀν
118 626 208 712 ἀλλην
233 627 282 711 δη]
303 651 366 706 τις,
389 631 509 690 τούτου
531 631 646 714 κύριος
670 619 778 690 οὐκέτ’
804 629 895 691 ἐστίν
918 631 1019 714 έτέριμ
1045 627 1193 693 διδόναι·
1214 631 1313 717 χάριν

57 733 158 795 αὐτόν
182 730 301 793 οἴεσθε
323 736 397 805 τοῖς
419 735 758 815 παρακρουσαμένοις
780 732 867 809 ἔχειν
874 751 886 805 ,·
1001 728 1123 811 δέομαι
1146 730 1192 810 δέ,
1216 737 1256 797 ἀν
1280 738 1314 798 οἱ
1324 735 1368 796 35

58 832 151 915 λόγοι
175 835 365 918 φαίνωνται
388 835 600 917 πικρότεροι,
628 833 740 917 μηθὲν
769 833 846 911 έμοί
869 828 1107 917 δυσχεραίνειν.
1153 833 1229 898 οὐδὲ
1251 839 1314 922 γάρ

17 949 33 999 5
55 941 140 1017 ὑμᾶς
164 957 253 1021 φημι
274 943 374 997 τοῦτο
398 938 522 1010 ποιεῖν,
546 936 674 1018 τρόπον
691 931 728 995 δέ
742 954 818 995 τινα
835 935 981 1017 ἀκούσης
1003 943 1062 1020 τῆς
1078 933 1212 1011 πόλεως
1235 939 1315 1001 αὐτὸ

55 1039 244 1122 γίγνεσθαι.
282 1039 320 1099 τδ
338 1034 529 1122 δὲπρᾶγμα
548 1036 577 1096 εί
593 1038 747 1096 τοιοῦτόν
763 1037 855 1096 ἐστιν
873 1036 959 1097 ὥστε
982 1034 1191 1122 πάναισχρον
1208 1035 1317 1103 δοκεῖν

10 1155 44 1206 n)
59 1135 306 1220 ἐξεταζόμενον,
329 1140 480 1220 τοσούτῳ
505 1137 767 1222 προθυμότερον
790 1139 877 1216 ὑμᾶς
900 1138 1033 1201 ἀκούειν
1057 1137 1114 1202 δεῖ
1131 1148 1193 1202 τοῦ
1207 1139 1317 1224 λέγον-

56 1263 130 1321 τος,
163 1244 250 1304 ὥστε
273 1238 497 1326 ἀπηλλάχθαι
523 1242 561 1302 τό
585 1237 707 1301 λοιπὸν
736 1248 795 1324 τῆς
818 1241 986 1323 αίσχύνης.
1033 1238 1109 1303 οὐδὲ
1132 1243 1194 1323 γάρ
1218 1245 1259 1304 τά
1282 1247 1318 1306 έν

56 1350 130 1419 τοῖς
154 1347 290 1423 σώμασι
314 1340 452 1429 δυσχερῆ
473 1343 578 1427 χωρίς
601 1339 722 1426 ὀδύνης
744 1341 837 1402 ἔστιν
867 1338 1056 1419 ἰάσασθαι,
1086 1341 1252 1420 πολλάκις
1282 1344 1317 1408 δὲ

10 1459 34 1510 1ο
58 1448 138 1508 αύτδ
162 1454 261 1507 τοῦτο
287 1449 426 1529 σημεῖον
447 1441 593 1528 ὑπάρχει
616 1450 678 1505 τοῦ
701 1439 834 1528 σφόδρα
858 1444 1006 1524 ἐπείγειν
1029 1446 1088 1530 τὴν
1114 1446 1318 1531 θεραπείαν,

58 1551 96 1610 τδ
124 1545 257 1635 σφόδρα
282 1543 395 1628 ἀλγεῖν
417 1547 455 1606 τό
479 1547 768 1631 θεραπευόμενον.

143 1651 161 1711 δ
183 1651 296 1712 τοίνυν
319 1649 502 1733 ἀρχόμενος
525 1647 640 1725 εἷπον,
668 1640 742 1710 οὐδ’
768 1650 809 1710 ἂν
831 1653 888 1710 νῦν
912 1648 1093 1732 ὀκνήσαιμι
1116 1651 1243 1728 εἰπεῖν,
1266 1656 1320 1716 δτι
1331 1651 1372 1714 36

57 1759 233 1831 πανταχοῦ
252 1752 313 1830 μέν
337 1751 461 1812 οίκεῖόν
484 1753 558 1812 έστι
582 1751 774 1836 φαίνεσθαι
796 1752 875 1824 τούς
898 1750 1052 1830 ἀγαθούς
1074 1748 1200 1835 ἀνδρας
1215 1755 1320 1835 ὑγιεῖς

56 1856 112 1917 καί
134 1851 238 1938 μηδὲν
261 1849 476 1932 παλίμβολον
498 1853 636 1930 ἔχοντας
657 1849 743 1936 μηδὲ
768 1849 940 1935 δυσχερές,
974 1845 1070 1932 [ἀλλά
1097 1850 1260 1916 πλεῖστον
1283 1858 1320 1916 ἀ-

10 1969 34 2020 15
58 1958 169 2040 πάτης
190 1957 247 2017 καὶ
271 1955 437 2037 πονηρίας
460 1950 756 2037 ἀπηλλαγμένους·
782 1949 866 2033 λέγιο
892 1949 927 2013 δέ
951 1954 1030 2027 τούς
1052 1955 1131 2032 ύμῖν
1148 1956 1287 2033 ὁμοίους
1297 1951 1317 2037 J

57 2054 205 2140 μάλιστα
230 2053 265 2117 δέ
290 2054 388 2134 οἶμαι
411 2057 490 2139 περὶ
512 2057 550 2115 τδ
574 2063 675 2134 τιμάν
697 2056 754 2117 καί
775 2055 837 2128 τάς
861 2051 998 2137 δωρεάς.
1044 2056 1082 2116 τό
1112 2056 1174 2140 γάρ
1205 2059 1319 2136 αίσχύ-

58 2180 116 2242 νην
139 2158 214 2219 τινά
239 2159 453 2240 προσάπτειν
476 2160 549 2229 τοῖς
569 2153 686 2230 καλοῖς
708 2158 765 2218 καὶ
786 2157 825 2216 τδ
842 2152 967 2230 ἀδίκως
991 2163 1104 2219 ποιεῖν
1127 2159 1165 2219 τδ
1183 2161 1320 2222 πάντων

60 2258 274 2320 δικαιότατον
299 2249 373 2319 οὐδ’
398 2258 659 2337 αἰσθανομένων
682 2259 773 2319 ἐστίν
797 2258 994 2343 ἀνθρώπων
1017 2267 1076 2344 τῆς
1092 2262 1233 2322 ἑκάστου
1258 2263 1320 2347 φύ-

63 2378 157 2434 σεως.
212 2361 327 2444 ὥσπερ
358 2358 415 2420 σύν
446 2360 479 2420 οἱ
508 2367 783 2444 παρανομοῦντες
813 2360 862 2434 είς
890 2360 932 2421 τά
963 2361 1036 2444 ἱερά
1066 2368 1133 2424 τῶν
1162 2365 1211 2437 εἰς
1240 2356 1317 2424 ἀλλ’

10 2477 37 2527 10
62 2464 174 2523 ὁτιοῦν
204 2462 465 2546 ἁμαρτανόντων
492 2463 626 2545 χείρους
655 2463 757 2539 είσίν,
790 2463 897 2536 ούτως
921 2464 954 2523 οἱ
977 2464 1057 2548 περί
1079 2472 1183 2525 ταῦτα
1208 2462 1321 2527 ἀδικοι

60 2565 116 2625 καὶ
138 2565 282 2648 πονηροὶ
303 2567 513 2648 φαινόμενοι.
551 2565 585 2625 τί
606 2566 667 2648 γάρ
692 2566 785 2626 ἐστιν
805 2565 983 2649 ἱερώτερον
999 2573 1099 2651 τιμῆς
1120 2567 1139 2650 ἢ
1161 2564 1301 2652 χάριτος
1308 2566 1370 2643 ,37

61 2667 118 2725 ούκ
142 2664 213 2727 ἴστε
236 2668 289 2727 ότι
311 2667 367 2728 καί
388 2666 476 2741 θεάς
499 2661 693 2746 νομίζουσιν
717 2668 751 2727 οἱ
773 2663 932 2728 πλεῖστοι
954 2673 1020 2728 τῶν
1040 2668 1236 2752 ἀνθρώπων
1259 2671 1320 2744 τάς

60 2764 233 2852 Χάριτας,·
260 2769 318 2829 έύν
343 2768 400 2829 ούν
422 2768 463 2829 τά
488 2765 664 2850 ἀγάλματα
689 2770 798 2830 αὐτῶν
822 2771 1012 2853 περικόπτῃ
1036 2789 1088 2843 τις
1110 2771 1129 2854 ἢ
1153 2773 1232 2845 τούς
1254 2772 1320 2851 βω-

60 2871 144 2948 μούς
167 2870 356 2953 ἀνατρέπῃ,
388 2879 507 2934 τοῦτον
530 2871 670 2953 ἡγεῖσθε
693 2871 844 2952 ἀσεβεῖν·
875 2871 933 2934 έάν
963 2868 998 2933 δέ
1030 2872 1111 2933 αύτδ
1136 2869 1321 2958 λυμήνηται

10 2986 37 3036 15
60 2972 116 3032 καί
140 2968 328 3055 διαφθείρη
352 2975 390 3033 τὸ
414 2979 561 3057 πρᾶγμα,
585 2965 649 3058 ἀφ’
676 2970 718 3033 ού
737 2974 793 3035 καί
814 2973 876 3048 τάς
898 2974 986 3048 θεάς
1009 2971 1216 3054 ὠνομάσθαι
1240 2992 1320 3055 συμ-

60 3073 195 3155 βέβηκε,
222 3074 265 3157 μὴ
291 3073 329 3134 δν
353 3070 409 3135 δεῖ
426 3077 554 3153 τρόπον
575 3069 810 3158 χαριζόμενος,
840 3068 917 3136 ἀλλ’
944 3077 1089 3157 ἀγεννῶς
1110 3079 1167 3139 καί
1189 3074 1320 3139 ἀνελευ-

61 3175 175 3257 θέρως
197 3176 253 3235 καὶ
274 3174 358 3253 μετά
382 3179 498 3258 τέχνης
520 3179 593 3248 τοῖς
616 3176 804 3260 εὐεργέταις
826 3176 1033 3261 ἀχαριστῶν,
1057 3180 1158 3241 αὐτὸν
1183 3184 1320 3264 φρονεῖν

63 3277 293 3359 φήσομενκαὶ
316 3282 381 3337 τῶν
405 3273 515 3337 ἀλλων
539 3275 627 3338 εἶναι
651 3279 873 3360 συνετώτερον
880 3300 892 3353 ,·
920 3276 1005 3341 ἀλλά
1029 3284 1107 3356 τούς
1129 3284 1190 3361 μέν
1213 3284 1321 3367 καπή-

63 3374 140 3451 λους
162 3378 241 3450 τούς
263 3379 298 3437 έν
321 3381 393 3451 τοῖς
415 3382 552 3460 μέτροις
566 3386 840 3463 κακουργοῦντας,
865 3379 916 3454 οἷς
932 3382 1040 3462 δβίος
1061 3384 1151 3444 ἐστὶν
1174 3384 1321 3444 αύτόθεν

10 3496 39 3544 30
63 3481 133 3540 ἀπὸ
158 3474 440 3561 αἰσχροκερδείας,
463 3485 595 3558 μισεῖτε
617 3482 673 3542 καὶ
694 3476 866 3558 κολάζετε,
889 3484 948 3567 την
973 3480 1008 3544 δέ
1033 3481 1150 3561 πόλιν,
1174 3487 1205 3545 εί
1229 3480 1320 3559 δόξει

949 3643 1034 3648 -—
1195 3644 1313 3651 ——-

151 3751 166 3800 2
185 3739 239 3803 οὐκ
256 3743 333 3803 ἐστίν
350 3743 381 3796 Μ
400 3738 453 3803 οὐκ
471 3741 548 3804 ἔστιν
565 3746 599 3802 Jv
685 3751 700 3802 3
720 3744 833 3806 οἴεσθαι
852 3748 940 3803 BMJv
1025 3751 1248 3821 4.φαίνονταιτ

61 3836 75 3882 5
96 3825 174 3901 ἧμάσ
191 3831 239 3886 MJ
308 3824 442 3890 άκούσασ
458 3831 493 3888 ίτ
571 3837 586 3886 6
605 3853 639 3890 το
659 3833 688 3891 δὲ
705 3848 771 3901 mrg.
790 3849 868 3899 mon,
887 3830 956 3892 τότε
973 3834 1035 3889 libri
1122 3839 1180 3893 πᾶν
1199 3831 1321 3911 αἰσχρὸν

61 3916 150 3972 BMJv
236 3925 250 3973 1
271 3911 316 3975 άεῖ
333 3934 384 3987 pro
402 3922 445 3975 δεῖ
460 3917 509 3973 ΒΕ
599 3922 628 3974 11
649 3911 747 3991 ἀλγεῖν
770 3915 824 3975 τὸν
840 3920 877 3984 Β,
901 3919 974 3990 quod
995 3919 1116 3988 praefert
1133 3920 1252 3976 Cobetus

64 4006 95 4054 12
113 3998 196 4060 εἶπον
215 4034 246 4042 -
267 3997 419 4073 ὀκνήσαιμι
437 4019 488 4057 om.
502 4003 533 4057 M
602 4008 653 4060 νῦν
671 3998 704 4062 οὐ
722 4000 855 4077 γνήσαιμι
872 4004 907 4061 Jv
977 4008 1008 4058 13
1027 4000 1103 4061 ἔστιν
1120 4004 1138 4059 J
1155 4003 1234 4063 ἐστιν
1252 4022 1268 4061 v

65 4091 96 4140 14
114 4084 230 4160 ἀπάτησ
247 4092 296 4145 καὶ
313 4090 452 4160 γοητείασ
469 4089 517 4142 ΒΕ
587 4082 659 4146 ἀλλά
679 4119 710 4130 -
730 4084 855 4159 δμοίουσ
872 4089 971 4145 seclusi
1043 4095 1073 4145 16
1093 4086 1236 4162 αἰσχύνειν
1253 4107 1270 4146 v

66 4177 96 4225 19
115 4169 185 4231 άλλο
209 4195 236 4230 τι
254 4171 486 4245 ἁμαρτανόντων
510 4173 559 4228 ΒΕ
655 4178 688 4228 22
707 4169 771 4231 ἕστε
794 4191 845 4244 pro
867 4171 928 4233 ίστε
951 4173 985 4230 Jv
1072 4179 1106 4230 24
1124 4169 1319 4247 άνατρένιειΒ

63 4249 222 4330 άντρέτιητ
290 4253 423 4331 ἡγεῖσθαι
440 4259 471 4313 Μ
557 4255 694 4332 λυμήνητε
713 4258 777 4314 MJv
864 4264 895 4314 25
915 4260 1093 4333 συμβέβηκεν
1110 4260 1144 4315 ίτ
1219 4264 1251 4315 26
1269 4250 1320 4332 ἥτε

63 4345 122 4410 (pro
140 4338 188 4413 μὴ)
200 4344 254 4397 ΒΜ
272 4340 322 4416 ἦτε
339 4345 412 4400 Em.
425 4361 466 4414 pr.
481 4349 557 4415 (ητις.
571 4340 633 4417 οὐχ)
703 4341 734 4418 δὴ
753 4362 805 4414 pro
823 4350 866 4403 δεῖ
882 4344 931 4398 ΒΕ
1001 4350 1032 4399 11
1052 4341 1221 4418 ἀχαρίστου
1232 4345 1320 4400 MBJv

63 4430 111 4482 καὶ
130 4420 298 4499 ἀχαρίστου
315 4430 348 4495 Ε,
368 4446 437 4486 corr.
457 4430 559 4486 Reiske
629 4424 720 4488 αὐτὸν
736 4435 800 4501 post
817 4439 938 4503 φρονεῖν
956 4430 1187 4501 transponendum
1211 4435 1252 4486 est

66 4517 97 4565 30
117 4512 341 4585 αίσχροκερδίασ
359 4514 448 4570 MEJv
516 4522 662 4585 μισεῖσθαι
679 4515 714 4572 Jv
783 4512 936 4585 κολάζεται
954 4516 987 4570 Jv
