3068 5160
605 341 742 397 ORATIO
760 343 782 396 Ι.
1304 345 1323 403 3

67 511 143 574 οὑδέ
167 516 226 598 τὴν
249 515 351 600 ἀρχὴν
373 518 506 600 ταύτην,
530 513 615 577 ἀλλά
638 520 742 596 μόνον
764 519 823 578 τδν
846 518 988 598 ἀγαθόν,
1019 516 1095 580 οὑδὲ
1118 511 1178 580 ἐπ’
1204 516 1323 593 ἀλλοις

66 617 137 676 τισί
159 611 304 691 δικαίοις
332 618 351 701 ἢ
375 615 423 699 τῴ
451 614 680 698 βουλεύεσθαι
707 620 764 680 καί
794 615 983 702 φροντίζειν
1010 622 1097 704 ὑπὲρ
1126 627 1193 683 τῶν
1223 622 1321 706 ἀρχο-

65 721 184 795 μένων,
209 718 266 795 ούχ
290 720 375 781 ὥστε
399 716 653 781 ἀκολασταίνειν
669 721 726 780 καί
742 719 893 796 σπαθοῖν,
916 722 1033 794 ἀνοίας
1050 724 1107 784 καί
1121 724 1249 807 ὑβρεως
1264 723 1321 784 καί
1334 722 1373 786 13

65 820 301 902 ὑπερηφανίας
322 821 379 881 καί
401 823 515 905 πάσης
537 822 681 900 ἀνομίας
703 815 998 902 [ἐμπιμπλάμενόν
1021 843 1056 883 τε
1074 816 1142 905 καί]
1165 825 1320 903 ἀποπιμ·
1440 853 1444 864 ·

27 935 43 983 5
65 917 198 981 πλάντα
222 917 258 997 ἐξ
281 924 433 997 άπαντος
457 925 561 984 αὑτοῦ
581 924 640 1007 την
667 924 779 1007 ψυχὴν
802 927 1048 1006 τεταραγμένην
1072 926 1187 1008 ἀργαῖς
1208 946 1245 986 τε
1266 927 1323 986 καί

66 1019 190 1096 λύπαις
211 1024 268 1085 καί
291 1025 414 1108 φόβοις
435 1025 491 1086 καί
512 1021 650 1106 ἡδοναῖς
671 1026 728 1086 καί
744 1025 926 1098 παντοίαις
941 1025 1157 1103 ἐπιθυμίαις,
1181 1018 1323 1100 ἀλλ’ὡς

66 1123 138 1184 οίόν
167 1145 205 1186 τε
226 1130 436 1210 προσέχοντα
459 1128 517 1187 τὸν
540 1133 617 1187 ναόν
648 1124 737 1206 αὑτηί
765 1127 917 1200 καὶτοῖς
943 1127 1118 1210 ὑπηκόοις,
1141 1130 1245 1205 νομέα
1267 1129 1324 1188 καὶ

66 1229 213 1304 ποιμένα
236 1225 283 1308 τῷ
308 1229 379 1290 όντι
401 1235 467 1290 τῶν
491 1224 581 1289 λαῶν
603 1229 807 1308 γιγνόμενον,
838 1227 896 1305 ούχ
918 1230 1101 1311 ἑστιάτορα
1127 1229 1184 1289 καί
1211 1225 1323 1290 δαιτυ-

64 1330 162 1406 μόνα,
180 1329 225 1401 ὡς
237 1328 302 1413 ἔφη
316 1350 377 1403 τις.
407 1323 479 1409 <ἐν>
490 1325 607 1402 ἀλλοις
620 1324 656 1388 δὲ
674 1325 749 1388 οὑδὲ
761 1325 942 1389 καθεύδειν
956 1329 1056 1390 αὑτόν
1069 1325 1167 1405 ἀξιοῖ
1177 1320 1225 1390 δι’
1244 1326 1323 1414 όλης

13 1446 43 1499 10
65 1438 125 1515 τῆς
147 1433 272 1506 νυκτός,
297 1432 343 1503 ὡς
367 1431 424 1490 οὑκ
447 1430 549 1491 οὑσαν
566 1427 656 1510 αύτῷ
674 1424 794 1513 σχολην
810 1429 989 1512 ῥᾳθυμεῖν.
1034 1437 1139 1491 ταῦτα
1155 1432 1218 1514 γάρ
1236 1447 1323 1515 φησι
1335 1434 1373 1494 14

20 1553 53 1607 M)
66 1533 122 1593 καί
137 1523 283 1615 Ὅμηρος
305 1532 432 1609 ὁμοίως
453 1536 527 1605 τοῖς
549 1528 667 1605 ἀλλοις
691 1533 814 1614 σοφοῖς
835 1551 873 1591 τε
893 1531 950 1592 καί
965 1527 1133 1614 ἀληθέσιν
1149 1529 1322 1614 ἀνδράσιν,

67 1634 113 1706 ὡς
143 1630 252 1706 οὑδείς
279 1650 364 1694 ποτε
398 1635 546 1716 πονηρὸς
575 1633 632 1694 καί
660 1627 847 1706 ἀκόλαστος
874 1633 931 1694 καί
965 1629 1218 1718 φιλοχρήματος
1247 1634 1324 1695 ούτε

67 1734 166 1806 αὑτός
195 1737 317 1794 ἐαυτοῦ
343 1735 506 1815 γενέσθαι
536 1730 677 1808 δυνατὸς
705 1735 815 1818 άρχων
851 1726 924 1795 οὐδ’
957 1735 1117 1820 ἐγκρατὴς
1152 1735 1227 1796 ούτε
1256 1742 1323 1797 τῶν

65 1831 176 1896 ἀλλων
199 1832 343 1912 οὐδενός,
369 1827 440 1897 οὐδ’
466 1837 564 1898 ἔσται
590 1838 675 1897 ποτὲ
698 1838 824 1910 ἐκεῖνος
845 1832 1014 1917 βασιλεύς,
1040 1828 1115 1898 οὐδ’
1140 1838 1181 1898 ἀν
1197 1839 1323 1911 πάντες

12 1957 41 2008 ιε
66 1943 177 2021 φῶσιν
192 1928 346 2021 Ἕλληνες
368 1938 424 1999 καὶ
445 1939 614 2023 βάρβαροι
627 1939 685 2000 καί
699 1935 818 2022 ἀνδρες
832 1939 889 2000 καί
903 1941 1064 2019 γυναῖκες,
1087 1939 1144 1999 καί
1157 1939 1201 2022 μη
1219 1940 1322 2016 μόνον

63 2039 248 2122 ἅνθρωποι
271 2033 495 2118 θαυμάζωσιν
518 2041 619 2102 αὑτὸν
640 2041 697 2101 καί
718 2041 947 2116 ὑπακούωσιν,
971 2030 1046 2099 ἀλλ’
1071 2040 1108 2100 οί
1126 2060 1162 2100 τε
1185 2040 1322 2122 ὄρνιθες

65 2143 247 2219 πετόμενοι
268 2142 324 2202 καί
346 2141 388 2201 τά
411 2141 519 2225 θηρία
539 2144 577 2209 ἐν
600 2146 673 2215 τοῖς
696 2143 790 2225 δρεσι
805 2138 909 2226 μηδὲν
924 2140 1025 2225 ἦττον
1041 2147 1108 2202 τῶν
1125 2142 1322 2224 ἀνθρώπων

66 2250 217 2325 συγχωρῇ
239 2262 275 2302 τε
296 2244 352 2303 καί
375 2251 461 2327 ποιῇ
483 2246 521 2304 τδ
549 2247 855 2327 προσταττόμενον.

151 2343 266 2404 ούκούν
285 2339 431 2424 λέγωμεν
448 2345 534 2430 ὑπὲρ
553 2353 613 2405 τού
623 2335 708 2405 καθ’
723 2336 870 2427 Ὅμηρόν
888 2364 924 2405 τε
941 2345 998 2405 καί
1009 2351 1050 2428 τῇ
1063 2341 1211 2428 ἀληθείη
1223 2344 1321 2423 βασι·
1334 2349 1372 2409 15

10 2450 39 2502 20
63 2441 162 2519 λέως·
176 2443 274 2518 ούτος
285 2445 347 2529 γάρ
361 2447 380 2505 ό
392 2441 488 2526 λόγος
501 2442 619 2520 άπλῶς
632 2442 808 2527 λεγόμενος
820 2447 897 2507 ἀνευ
906 2447 1021 2530 πάσης
1031 2442 1238 2530 κολακείαςῆ
1253 2441 1321 2506 λοι-

65 2543 182 2629 δορίας
198 2547 297 2620 αὑτὸς
313 2538 377 2631 ἀφ’
405 2549 509 2608 αὑτοῦ
527 2549 585 2608 τὸν
606 2549 668 2627 μὲν
689 2549 808 2626 όμοιον
830 2545 877 2627 τη]
901 2545 1023 2628 ἀγαθῷ
1045 2543 1200 2630 γνωρίζει
1215 2567 1251 2608 τε
1266 2547 1323 2608 καί

63 2649 208 2724 ἐπαινεῖ,
223 2639 307 2708 καθ’
326 2651 405 2710 όσον
421 2651 512 2711 ἐστίν
528 2650 641 2731 ἐκείνῳ
659 2652 787 2728 όμοιος,
804 2651 861 2709 τδν
878 2646 914 2710 δὲ
931 2650 1094 2727 ἀνόμοιον
1107 2645 1271 2728 ἐξελέγχει
1285 2667 1322 2708 τε

62 2751 119 2810 καί
135 2745 299 2825 ὀνειδίζει.
337 2752 411 2813 ἔστι
428 2749 465 2837 δη
482 2758 617 2836 πρῶτον
632 2753 694 2831 μὲν
709 2751 802 2812 θεῶν
820 2748 986 2836 ἐπιμελὴς
1007 2753 1064 2812 καὶ
1086 2753 1123 2810 τδ
1145 2746 1321 2827 δαιμόνιον

64 2858 256 2932 προτιμῶν·
274 2853 311 2912 ού
327 2853 389 2937 γάρ
407 2850 546 2915 δυνατδν
562 2851 652 2935 ἀλλην
669 2854 736 2914 τινί
752 2853 966 2914 πεποιθέναι
980 2849 1106 2932 μᾶλλον
1119 2853 1176 2912 τδν
1190 2848 1321 2912 δίκαιον

10 2961 37 3012 25
61 2949 166 3036 ἀνδρα
188 2954 244 3015 καί
267 2955 399 3035 ἀγαθόν
414 2957 433 3040 ἢ
451 2960 524 3029 τοῖς
541 2952 771 3028 δικαιοτάτοις
786 2956 894 3015 τεκαὶ
909 2955 1064 3038 ἀρίστοις
1079 2955 1188 3028 θεοῖς.
1226 2956 1320 3026 όστις
1333 2957 1372 3018 16

63 3051 99 3115 δὲ
122 3056 221 3129 κακὸς
243 3057 289 3116 ῶν
312 3059 443 3137 ἡγεῖταί
464 3077 549 3118 ποτε
564 3058 670 3130 θεοὺς
685 3059 848 3141 ἀρέσκειν,
871 3048 947 3117 κατ’
969 3057 1051 3117 αὑτό
1067 3063 1166 3117 τούτο
1184 3061 1320 3139 πρῶτον

63 3157 121 3235 οὑχ
143 3159 237 3231 όσιός
260 3159 368 3219 ἐστιν·
391 3160 411 3242 ἢ
428 3160 490 3242 γάρ
507 3159 683 3242 ἀνόητονῆ
702 3161 851 3242 πονηρόν
867 3161 1018 3238 νενόμικε
1033 3161 1072 3218 τό
1087 3158 1196 3219 θεῖον.
1234 3155 1319 3235 μετά

63 3254 99 3318 δὲ
122 3261 200 3332 τούς
222 3260 327 3332 θεοὺς
350 3260 545 3344 ἀνθρώπων
566 3256 789 3338 ἐπιμελεῖται,
813 3266 920 3338 τιμῶν
935 3262 996 3338 μὲν
1011 3262 1068 3321 καί
1083 3261 1224 3341 ἀγαπῶν
1240 3260 1368 3331 τοὺς17

62 3359 225 3441 ἀγαθούς,
247 3358 432 3444 κηδόμενος
455 3358 490 3423 δὲ
514 3363 661 3422 πάντων.
699 3361 752 3433 τίς
773 3362 834 3438 μὲν
856 3361 918 3444 γάρ
940 3358 1061 3444 ἀγέλης
1076 3362 1166 3441 βοῶν
1181 3357 1319 3444 κήδεται

10 3471 36 3521 10
60 3458 186 3541 μᾶλλον
208 3470 270 3523 τοῦ
290 3467 450 3542 νέμοντος
456 3485 469 3538 ,·
490 3464 542 3535 τίς
566 3459 601 3523 δέ
626 3462 802 3541 ποιμνίοις
819 3458 1079 3545 ὠφελιμώτερός
1102 3482 1137 3522 τε
1152 3462 1209 3522 καί
1224 3461 1318 3539 ἀμεί-

61 3586 127 3626 νων
151 3569 314 3645 ποιμένος
326 3586 338 3640 ,·
360 3567 413 3639 τίς
436 3561 471 3626 δὲ
494 3561 621 3644 μᾶλλον
645 3559 818 3648 φίλιππος
841 3569 904 3623 τοὺ
924 3559 1094 3623 πλείστων
1116 3564 1178 3642 μὲν
1201 3562 1319 3644 άρχον-

148 3784 161 3832 1
179 3776 272 3849 μόνον
284 3775 338 3837 τὸν
349 3773 466 3852 ἀγαθὸν
477 3778 583 3847 scripsi,
594 3773 703 3847 μόνους
720 3773 789 3844 τοὺς
801 3771 932 3850 ἀγαθοὺς
943 3777 1005 3832 libri
1046 3772 1093 3834 ἐπ’
1109 3772 1208 3842 ἀλλοις
1218 3775 1320 3830 Reiske

60 3861 184 3920 πολλοῖσ
200 3865 262 3920 libri
343 3859 418 3922 215
443 3881 492 3934 pro
510 3864 595 3941 τῶί]
685 3859 983 3933 4έμπιπλάμενονί]
1070 3854 1320 3931 άπὸμπιμπλάντα

59 3948 133 4015 (⁸501)
152 3949 173 4001 P
241 3945 480 4020 ἐμπιμπλάμενόν
497 3969 529 4006 τε
546 3952 595 4005 καί
613 3947 712 4004 seclusi
782 3948 900 4002 fimalim
919 3941 984 4005 ἀλλ’
1003 3936 1079 4004 ὑστε
1097 3945 1253 4020 προσέχειν

60 4037 75 4084 1
95 4033 296 4106 προσέχοντοσ
313 4035 338 4088 V
436 4039 451 4089 8
469 4036 576 4104 spectat
593 4034 662 4090 Plat.
680 4048 738 4103 rep.
757 4033 859 4090 13450
876 4033 962 4100 (Wil.)
1056 4038 1072 4088 9
1089 4031 1157 4102 <έν>
1175 4027 1274 4096 ἀλλοις
1291 4029 1321 4086 δὲ

59 4118 173 4189 scripsi,
197 4113 264 4177 ἀλλ’
289 4115 354 4177 οἷον
371 4119 431 4175 PW
449 4113 513 4177 οῖον
530 4119 556 4174 V
574 4135 626 4175 om.
645 4119 710 4188 UB;
735 4121 841 4188 spectat
859 4119 891 4173 11.
909 4119 933 4172 B
952 4122 993 4183 24,
1010 4122 1043 4172 ut
1060 4123 1151 4173 monet
1168 4117 1233 4172 Wil.

60 4197 160 4270 ἀξιοῦν
182 4205 240 4259 PW
356 4210 387 4260 10
412 4201 497 4276 οὑσης
520 4198 599 4277 αὑτῷ
623 4207 730 4276 σχολῆσ
754 4203 803 4258 UB
917 4207 946 4256 11
975 4197 1088 4272 ὑμοίωο
1112 4200 1218 4258 om.V

62 4295 94 4344 15
108 4290 557 4360 φασσίνωαῖελιιωίοφῶσσινΡ
629 4294 659 4345 16
672 4284 869 4358 θαυμάζουσιν
881 4287 929 4343 UB
998 4282 1252 4344 ὑπακούουσινΠΒ

63 4411 95 4462 18
113 4416 256 4481 συγχωρεῖ
271 4428 303 4465 τε
326 4411 375 4464 καί
397 4417 477 4467 ποιεῖ
493 4408 601 4465 UBPW
702 4407 824 4479 λέγομεν
841 4407 901 4462 PW
999 4410 1031 4460 20
1050 4396 1147 4463 οὑτωσ
1164 4405 1200 4461 W
1224 4384 1319 4463 οὑτίίὺ

60 4491 175 4559 ίείοΙ)Ρ
260 4494 293 4546 12
312 4488 458 4563 ἑκείνηιἿ
545 4499 577 4549 23
596 4494 625 4552 δὲ
642 4508 692 4563 pro
711 4488 786 4564 ἀὴὺ
873 4495 903 4545 31
925 4491 1086 4562 φίλιποσΡ

1085 4577 1114 4630 1*
