3068 5160
178 325 240 384 334
540 325 664 381 DIONIS
684 324 864 380 OELAENIS
882 324 1071 380 PHRYGIAE

179 497 289 574 δεινός
312 497 400 560 εἶναι
421 503 477 562 καὶ
493 497 648 584 περιάξει
671 497 808 586 πλῆθος
830 500 1027 584 ἀνθρώπων
1046 502 1213 586 ἀνοήτων·
1239 504 1358 587 ὥσπερ
1381 507 1431 567 τδν

175 599 301 686 Ὀρφέα
327 602 413 685 φασί
435 602 496 675 τάς
519 599 597 685 δρῦς
618 603 675 663 καί
696 601 758 675 τάς
780 606 907 686 πέτρας
928 604 985 664 καί
1007 605 1085 677 τούς
1109 600 1244 679 λίθους·
1268 607 1309 665 τὸ
1327 598 1362 666 δ’
1383 607 1431 667 αδ·

178 704 236 764 τδν
258 703 401 786 ἀνόητον
424 704 502 764 όντα
525 707 581 766 καὶ
604 701 715 765 δειλόν
736 704 792 764 καί
814 701 1001 766 ἀκόλαστον
1023 707 1079 767 καί
1100 703 1204 790 μηδὲν
1228 705 1431 792 διαφέροντα

178 811 244 865 τῶν
263 805 485 887 βοσκημάτων
508 808 628 891 ἀρετῆς
650 828 684 868 τι
700 806 840 884 νομίσαι
862 808 1045 891 προσήκειν
1069 806 1158 889 αὐτη]
1180 811 1237 871 καὶ
1251 806 1431 892 καλοκάγα-

177 907 278 982 θίας,
312 913 411 967 τοῦτο
442 905 480 992 δή
512 906 687 984 παντελῶς
717 907 827 974 δεινὸν
859 911 915 971 καί
948 918 1008 995 τῆς
1035 906 1282 995 χαλεπωτάτης
1317 919 1454 978 πασῶνι

178 1009 295 1082 ἀνοίας
316 1009 373 1069 καί
387 1010 520 1088 μανίας.
566 1004 639 1072 ἀλλ’
666 1015 746 1075 ὅταν
770 1015 863 1099 φήμη
886 1009 1125 1094 καταλαμβάνῃ
1148 1013 1224 1073 τινά
1247 1014 1306 1074 καί
1329 1021 1431 1074 τοιού·
1469 1010 1471 1019 ¹

177 1131 235 1186 τος
268 1110 412 1197 ἄρξηται
446 1109 543 1193 λόγος
575 1115 837 1199 ὑποτύφεσθαι,
876 1112 933 1177 δεῖ
961 1110 1249 1198 περιρρηξάμενον
1287 1113 1431 1201 ἐκπηδᾶν

177 1215 299 1293 γυμνόν
329 1216 379 1288 είς
401 1216 462 1289 τάς
485 1213 599 1292 ὁδούς,
629 1214 863 1279 ἐπιδεικνύντα
893 1223 998 1278 πᾶσιν
1021 1219 1074 1278 ότι
1095 1213 1239 1300 μηδενός
1265 1218 1345 1278 ἐστι
1366 1215 1431 1299 βελ

130 1322 167 1381 10
182 1320 273 1381 τίων.
318 1321 377 1382 έδν
400 1318 436 1382 δὲ
459 1316 679 1403 ἐπακολουθῇ
700 1340 753 1393 τις
770 1322 909 1403 φάσκων
931 1316 1019 1380 εἶναι
1040 1318 1209 1403 μαθητής,
1232 1316 1431 1382 ἀπελαύνειν

178 1423 325 1483 παίοντα
354 1423 411 1484 καὶ
433 1417 600 1500 βάλλοντα
632 1427 708 1496 ταῖς
730 1419 856 1502 βώλοις
884 1421 1035 1494 καὶτοῖς
1059 1418 1191 1496 λίθοις,
1221 1422 1269 1494 ὡς
1292 1421 1465 1506 ἀνόητονιο

176 1523 195 1605 ή
220 1527 379 1607 πονηρόν,
426 1523 509 1607 λέγω
533 1523 569 1587 δὲ
594 1527 631 1586 ού
658 1526 745 1607 πρὸς
769 1525 923 1598 ἅπαντας
946 1557 986 1568 -
1010 1526 1077 1587 είσί
1104 1524 1166 1606 γάρ
1190 1524 1225 1584 οἱ
1245 1520 1362 1598 καλῶς
1382 1523 1431 1585 καί

178 1628 418 1708 συμφερόντως
440 1629 478 1688 τό
495 1635 633 1712 πρᾶγμα
658 1628 874 1710 πράττοντες,
899 1626 950 1700 οἷς
967 1623 1037 1689 ἔδει
1054 1625 1212 1689 σπένδειν
1233 1626 1291 1687 καί
1306 1626 1431 1706 θυμιᾶν

177 1757 217 1766 -
242 1717 318 1787 ἀλλ’
350 1730 407 1802 ούς
431 1732 560 1814 σοφούς
588 1731 667 1809 ύμῖν
693 1725 955 1790 ἀποδεικνύουσι
985 1734 1075 1812 τρεῖς
1103 1731 1122 1813 ἢ
1146 1733 1305 1812 τέτταρες
1335 1737 1432 1814 κομη-

177 1849 251 1905 ται,
278 1823 438 1914 καθάπερ
468 1833 547 1905 τούς
571 1832 681 1915 ἱερέας
703 1839 769 1893 τῶν
793 1821 877 1913 παρ’
903 1833 996 1910 ύμῖν·
1027 1831 1106 1903 τούς
1127 1830 1315 1909 μακαρίους
1342 1827 1432 1907 λέγω,

177 1932 256 2005 τούς
285 1929 446 1993 ἁπάντων
480 1935 645 2016 ἄρχοντας
674 1941 740 1996 τῶν
770 1936 903 2018 ίερέων,
937 1935 1016 2006 τούς
1044 1931 1243 2008 ἐπωνύμους
1276 1933 1348 1988 τῶν
1379 1924 1471 1990 δόοό

177 2034 328 2117 ήπείρων
350 2041 409 2118 τῆς
431 2038 548 2118 ἑτέρας
570 2032 657 2119 ὅλης.
703 2043 807 2096 ταῦτα
836 2039 898 2120 γάρ
924 2038 999 2097 ἐστι
1026 2034 1067 2094 τά
1094 2037 1260 2093 ποιοῦντα
1281 2031 1342 2092 καί
1363 2031 1434 2091 τού·

177 2154 255 2207 τους
278 2131 496 2214 εὐδαίμονας,
527 2141 695 2222 στέφανος
719 2141 778 2220 ῥκαὶ
807 2141 968 2224 πορφύρα
996 2137 1053 2197 καί
1081 2130 1250 2217 παιδάρια
1278 2138 1432 2212 κομῶντα

178 2232 363 2315 λιβανωτόν
392 2242 549 2321 φέροντα.
603 2248 708 2301 ταῦτα
737 2243 798 2322 μὲν
833 2242 890 2303 ούν
913 2243 1007 2313 ὅπως
1037 2238 1122 2298 ποτε
1152 2236 1236 2314 ἔχει,
1272 2231 1431 2313 λελέχθω.

129 2329 226 2418 11[τό
258 2334 293 2398 δέ
324 2346 428 2417 κομᾶν
460 2342 497 2400 ού
517 2344 579 2425 χρή
611 2340 748 2417 πάντως
775 2338 1027 2422 ὑπολαμβάνειν
1058 2340 1104 2413 ὡς
1133 2338 1254 2421 ἀρετῆς
1284 2341 1433 2420 σημεῖον.

176 2434 300 2500 πολλοὶ
320 2439 382 2522 γάρ
407 2439 445 2527 δή
471 2439 528 2503 διά
555 2445 640 2505 θεόν
662 2466 738 2506 τινα
766 2451 915 2522 κομῶσιν
947 2442 1148 2524 ἄνθρωποι·
1174 2433 1267 2520 <καί>
1289 2438 1471 2522 φεωρφοίη

175 2550 336 2627 κομῆται,
363 2541 449 2628 μηδὲ
479 2545 627 2625 τοόνομα
657 2547 859 2617 ἀκούσαντές
887 2562 971 2604 ποτε
994 2544 1032 2603 τδ
1058 2537 1285 2626 φιλοσοφίας,
1314 2542 1374 2602 καί
1395 2541 1431 2625 νή

175 2646 244 2706 Δία
275 2647 308 2706 οἱ
331 2643 471 2720 πλείους
499 2655 566 2710 τῶν
590 2645 785 2730 βαρβάρων,
816 2647 848 2706 οί
870 2646 931 2724 μέν
962 2647 1088 2726 σκέπης
1110 2645 1232 2719 ἕνεκεν,
1262 2643 1296 2703 ol
1318 2639 1355 2702 δέ
1378 2642 1434 2703 καί

176 2751 322 2830 πρέπειν
352 2750 468 2823 αὐτοῖς
498 2745 699 2830 νομίζοντες.
755 2749 882 2809 τούτων
915 2737 988 2827 <δ’>
1018 2746 1075 2806 ούκ
1107 2745 1200 2805 ἔστιν
1232 2743 1431 2826 ἐπίφθονος

128 2846 287 2923 12ούδεὶς
318 2847 394 2911 οὐδὲ
423 2848 680 2931 καταγέλαστος.
735 2848 818 2923 ἴσως
851 2849 913 2931 γάρ
944 2848 1060 2932 ὀρθῶς
1094 2848 1174 2908 αύτδ
1206 2845 1429 2928 πράττουσιν·

176 2950 253 3012 ἐπεί
274 2952 331 3012 καὶ
352 2953 431 3026 τούς
455 2949 564 3033 λαγὼς
593 2953 691 3034 δρᾶτε
714 2953 793 3025 τούς
815 2954 904 3012 πάνυ
927 2951 1088 3023 ἀσθενεῖς
1115 2949 1183 3009 ύπδ
1207 2954 1266 3032 τῆς
1289 2941 1471 3029 δασύτη-Ι

176 3070 234 3125 τος
265 3046 490 3132 σῳζομένους,
522 3055 665 3115 καὶτῶν
695 3054 818 3134 ὀρνέων
844 3057 917 3127 τοῖς
939 3047 1208 3123 ἀσθενεστάτοις
1235 3044 1375 3132 έξαρκεῖ
1392 3046 1431 3107 τό

176 3153 284 3236 πτερά
314 3152 435 3237 εἴργειν
464 3156 522 3216 τὸν
546 3156 668 3234 ἄνεμον
690 3156 747 3216 καὶ
769 3157 806 3215 τό
829 3152 936 3238 ύδωρ,
967 3150 1056 3214 διότι
1079 3149 1115 3229 ἐξ
1138 3152 1247 3212 αὐτῶν
1272 3153 1428 3235 πέφυκεν.

175 3259 272 3338 ήμεῖς
296 3251 331 3315 δὲ
346 3257 406 3340 τήν
428 3258 489 3336 μὲν
510 3259 615 3342 κόμην
639 3258 860 3341 ἀφαιροῦμεν,
884 3258 1000 3339 ὥσπερ
1025 3256 1059 3315 οί
1073 3259 1187 3334 νομεῖς
1209 3259 1278 3314 τῶν
1302 3253 1471 3328 ῖππων,(α

177 3358 217 3430 άς
239 3357 280 3418 ἂν
302 3356 453 3420 έθέλωσι
476 3356 686 3442 παραβαλεῖν
708 3364 782 3432 τοῖς
804 3361 904 3435 ύνοις,
925 3359 982 3420 καί
1004 3357 1045 3418 τά
1061 3361 1171 3438 γένεια
1195 3355 1428 3439 ἀποκείρομεν,

262 3641 504 3714 2τδνΜοω.δ’,
523 3637 621 3702 τόνδ’
640 3642 688 3696 ΤΒ
740 3644 895 3712 4νομίσας
912 3641 982 3706 libri,
1001 3655 1070 3694 corr.
1084 3639 1184 3693 Reiske
1238 3635 1383 3716 αὖτηῖΠΤ

176 3731 344 3811 ύφήμηνΤ
423 3727 682 3803 ῖπεριρηξάμενον
701 3729 730 3782 Μ
815 3725 998 3781 scribendum:
1018 3728 1061 3780 δεῖ
1076 3723 1217 3793 <τυύτυν>
1305 3729 1426 3797 9μαθη-

173 3823 225 3899 τήν
242 3826 271 3878 Μ
344 3828 374 3877 10
393 3828 455 3885 τοῖς
472 3834 522 3886 pro
539 3825 602 3880 ταῖς
619 3816 669 3872 UT
741 3817 771 3868 13
791 3810 892 3876 ἄλλους
909 3811 971 3864 libri
989 3825 1059 3864 corr.
1079 3809 1196 3864 casaub.
1258 3804 1426 3883 η”τέτταρες

172 3915 295 3983 κομῆται
313 3907 411 3975 scripsi
429 3902 445 3975 ή
463 3904 602 3974 τέτταρας
613 3900 742 3970 κομήτας
753 3898 806 3951 ΒΜ
824 3897 877 3960 (hic
894 3901 988 3964 κοσμ.)
1005 3890 1023 3965 ή
1040 3893 1072 3950 τέ
1089 3914 1145 3966 γαρ
1164 3888 1333 3966 ἀσκομήτας
1344 3891 1424 3967 Uist

172 3991 229 4069 γὰρ
246 3987 412 4062 ἀσκομήτας
431 3991 454 4043 Τ
542 3992 574 4040 14
592 3990 650 4042 τῶν
668 3976 741 4055 παρ’
758 3977 823 4051 ὑμῖν
846 3984 925 4038 θεῶν
942 3981 983 4034 vel
1001 3975 1068 4044 τοὺς
1086 3973 1158 4051 παρ’
1175 3977 1243 4048 ύμῖν
1259 3979 1364 4035 Reiske

176 4087 207 4136 16
224 4085 274 4152 τῆς
286 4077 386 4150 ἑτέρας
396 4074 502 4143 scripsi,
520 4077 569 4144 τῆς
581 4068 704 4142 ἑσπέρας
715 4069 777 4122 libri
827 4065 945 4122 ἐστινΤ
998 4068 1118 4121 τοιαῦτα
1130 4080 1180 4134 pro
1195 4066 1379 4122 παιοῦνταΒ

175 4173 205 4224 17
224 4170 272 4224 καὶ
284 4157 420 4236 πορφύρα
433 4159 571 4214 om.Mm.
585 4173 626 4225 pr.
700 4157 728 4208 18
742 4149 792 4224 ἔχη
808 4151 879 4206 UBT
952 4155 982 4204 19
1001 4145 1035 4207 τὸ
1055 4142 1201 4207 δὲ-οὗδέ
1213 4153 1312 4205 ποδοῖν
1323 4149 1424 4206 Dionea

172 4258 249 4322 puto,
268 4249 362 4304 sedab
375 4245 500 4300 hocloco
513 4243 602 4296 aliena
671 4244 703 4294 20
722 4236 753 4309 δὴ
773 4237 879 4304 scripsi,
897 4232 947 4307 ήδη
958 4235 1021 4290 libri
1089 4231 1243 4302 ἀνθρωττοι
1254 4239 1422 4304 suspectum

172 4337 232 4391 vide
249 4349 284 4389 ne
307 4331 479 4388 scribendum
503 4327 552 4382 sit:
575 4330 712 4395 κομῶσιν.
744 4318 807 4381 ἀλλ’
833 4318 864 4378 ολ
878 4322 940 4393 (γε)
958 4321 1083 4392 γεωργοί
1101 4325 1152 4374 etc.
1171 4318 1229 4374 scil.
1253 4335 1306 4388 pro
1323 4323 1421 4376 ΑΛΛΟΙ

172 4422 272 4476 lectum
295 4423 337 4472 est
358 4417 438 4468 ΑΝΟΙ
462 4414 480 4467 i.
500 4429 524 4466 e.
543 4408 696 4483 ἄνθρωποι
776 4411 824 4464 καί
842 4407 905 4462 εδδ.
924 4406 1068 4474 Emperius
1138 4407 1167 4458 21
1187 4407 1319 4474 κωμῆται
1337 4405 1361 4459 Τ

173 4509 206 4561 23
225 4497 322 4566 αὐτοῖς
339 4502 388 4557 UT
458 4491 486 4554 δ’
505 4497 566 4552 add.
585 4496 685 4550 Reiske
753 4497 786 4546 29
803 4488 961 4563 ὑποβαλεῖν
979 4489 1097 4543 Cobetus
