3068 5160
564 343 701 400 ORATIO
719 345 846 401 XXXIII.
1274 349 1334 408 311

82 511 167 575 ἀλλά
187 505 428 601 Ἀθηνόδωρος
451 519 470 578 δ
493 516 611 603 πρῴην
633 523 820 601 γενόμενος,
845 521 883 584 δν
904 513 1020 604 ᾐδεῖτο
1037 523 1248 604 όΣεβαστός,
1272 525 1336 609 ἀρα
1348 527 1388 590 48

81 615 211 694 οἴεσθε,
235 615 332 702 εἴπερ
355 619 439 700 έγνω
462 623 622 706 τοιαύτην
647 623 750 685 οὖσαν
773 627 832 710 την
856 620 967 700 πόλιν,
991 626 1191 708 προύκρινεν
1214 626 1254 687 ἀν
1277 634 1336 711 της

77 711 154 800 μετ’
180 722 307 782 ἐκείνου
331 716 507 807 διατριβῆς
528 724 588 808 τὴν
611 723 736 788 ἐνθάδε
744 748 755 802 ,·
778 730 945 812 πρότερον
962 727 1023 804 μὲν
1040 725 1097 786 οὖν
1112 716 1172 786 ἐπ’
1199 724 1335 810 εὐταξίᾳ

76 820 135 881 καί
158 824 360 905 σωφροσύνῃ
386 820 567 908 διαβόητος
589 821 629 909 ἦν
650 829 743 906 ὑμῶν
758 833 778 910 η
795 825 897 902 πόλις
911 829 968 890 καί
982 830 1158 900 τοιούτους
1174 828 1335 912 ἀνέφερεν

39 918 218 1006 ὀάνδρας·
247 931 303 984 νύν
333 920 368 984 δὲ
399 925 463 1005 ἐγὼ
495 921 630 988 δέδοικα
658 931 702 1014 μὴ
732 931 792 1015 την
818 932 973 993 ἐναντίαν
997 927 1081 1012 λάβῃ
1104 925 1217 1004 τάξιν,
1248 930 1335 991 ὥστε

76 1024 162 1102 μετά
191 1021 297 1086 τῶνδε
324 1027 381 1087 καί
410 1023 515 1088 τῶνδε
545 1024 787 1108 ὀνομάζεσθαι.
831 1034 945 1093 καίτοι
974 1027 1085 1091 πολλά
1114 1037 1182 1091 τῶν
1204 1037 1261 1091 νύν
1283 1031 1335 1091 έτι

75 1127 246 1203 μενόντων
269 1129 364 1202 όπως
388 1125 515 1212 δηποτε
539 1131 699 1215 ἐμφαίνει
720 1136 759 1194 τό
784 1141 922 1219 σῶφρον
944 1135 1001 1196 καί
1023 1134 1061 1194 τό
1086 1132 1253 1215 αύστηρδν
1275 1138 1335 1214 τῆς
1448 1123 1449 1126 “

76 1228 154 1287 τότε
177 1228 318 1313 ἀγωγῆς,
343 1228 388 1290 ὧν
412 1232 487 1292 έστι
508 1233 547 1292 τό
571 1235 651 1316 περὶ
673 1236 732 1319 την
755 1235 888 1320 ἐσθῆτα
911 1242 979 1296 τῶν
1000 1240 1175 1316 γυναικῶν,
1198 1234 1236 1293 τό
1260 1239 1334 1292 τού-

76 1347 136 1389 τον
158 1331 216 1391 τόν
238 1334 366 1413 τρόπον
388 1330 621 1396 κατεστάλθαι
648 1337 705 1398 καί
725 1332 876 1417 βαδίζειν
900 1339 986 1400 ὥστε
1008 1329 1171 1419 (μηδένα)
1192 1331 1277 1418 μηδὲ
1300 1334 1334 1394 ἒν

24 1440 55 1493 111
77 1431 186 1493 αὐτῶν
208 1437 310 1517 μέρος
334 1432 418 1498 ίδεῖν
440 1438 525 1521 μήτε
547 1446 609 1500 τού
630 1441 820 1523 προσώπου
843 1441 927 1524 μήτε
949 1445 1011 1499 τοῦ
1025 1434 1151 1499 λοιποῦ
1166 1438 1333 1516 σώματος,

74 1531 159 1617 μηδὲ
184 1535 286 1609 αύτάς
309 1538 387 1619 ὀροῖν
410 1534 474 1614 ἔξω
497 1548 557 1625 τῆς
580 1537 663 1602 όδού
674 1538 788 1625 μηδέν.
825 1542 939 1602 καίτοι
953 1541 988 1601 τί
1003 1535 1163 1601 δύνανται
1177 1545 1332 1599 τοιοῦτον
1344 1542 1385 1604 49

77 1631 161 1697 ίδεῖν
179 1635 250 1698 οίον
267 1639 447 1702 ἀκούουσιν
453 1663 465 1716 ,·
487 1651 665 1725 τοιγαροῦν
689 1645 759 1705 ἀπό
775 1650 842 1704 τῶν
866 1644 961 1704 ὤτων
977 1638 1164 1724 ἀρξάμεναι
1184 1649 1243 1725 τῆς
1260 1637 1333 1702 δια·

77 1738 215 1821 φθορᾶς
245 1738 466 1805 ἀπολώλασιν
496 1746 533 1804 αἱ
563 1735 711 1820 πλείους.
756 1749 775 1828 η
806 1744 868 1826 γάρ
892 1741 1049 1825 ἀσέλγεια
1074 1735 1140 1823 [καὶ
1163 1733 1211 1804 δι’
1238 1743 1333 1803 ὤτων

75 1841 131 1901 καὶ
154 1832 200 1901 δι’
226 1838 432 1927 ὀφθαλμῶν]
455 1847 673 1924 πανταχόθεν
690 1843 870 1906 εἰσδύεται.
909 1845 996 1906 ὥστε
1018 1844 1060 1903 τά
1082 1845 1143 1921 μὲν
1160 1847 1332 1927 πρόσωπα

25 1951 54 2003 lb
75 1939 320 2023 κεκαλυμμέναι
348 1941 541 2026 βαδίζουσι,
572 1954 613 2030 τῇ
635 1954 728 2030 ψυχῇ
752 1942 787 2006 δὲ
811 1941 992 2025 ἀκαλύπτῳ
1015 1945 1072 2005 καί
1096 1940 1230 2028 σφόδρα
1254 1945 1333 2004 ἀνα-

77 2051 286 2130 πεπταμένη.
338 2055 517 2130 τοιγαροῦν
550 2044 706 2130 ὀξύτερον
735 2043 921 2126 βλέπουσιν
950 2045 1000 2106 ε’νί
1032 2051 1099 2106 τῶν
1129 2041 1332 2128 ὀφθαλμῶν,

78 2146 192 2231 ὥσπερ
224 2150 258 2208 οί
283 2153 481 2231 γεωμέτραι.
525 2151 582 2210 καί
609 2149 704 2210 τουτί
727 2150 789 2227 μέν
812 2143 949 2230 ἔκδηλόν
972 2148 1046 2207 ἐστι
1068 2147 1106 2206 τό
1129 2152 1196 2208 τῶν
1218 2149 1330 2230 ῥινῶν.
1343 2151 1383 2211 50

10 2262 63 2315 bri)
76 2247 199 2333 ἀνάγκη
231 2247 266 2310 δὲ
295 2252 352 2311 καί
384 2246 489 2310 τάλλα
522 2247 724 2311 ἀκολουθεῖν
754 2247 801 2331 τῷ
835 2250 978 2329 τοιούτφ
1010 2245 1143 2332 ῥυθμῷ.
1193 2250 1238 2333 μη
1268 2249 1331 2333 γάρ

76 2347 206 2426 οἴεσθε,
231 2352 347 2433 ὥσπερ
371 2353 494 2434 ἑτέρων
510 2348 675 2426 πολλάκις
697 2350 747 2426 είς
762 2373 838 2413 τινα
853 2355 937 2435 μέρη
953 2351 1194 2434 κατασκήπτει,
1215 2354 1332 2434 χεῖρας

22 2453 93 2535 1οῆ
122 2450 233 2526 πόδας
255 2474 274 2535 η
300 2455 505 2535 πρόσωπον,
535 2454 621 2514 ούτω
644 2455 701 2516 καὶ
723 2444 809 2537 παρ’
834 2455 913 2531 ύμῖν
936 2454 1120 2535 ἐπιχώριόν
1143 2472 1177 2512 τι
1199 2454 1330 2536 νόσημα

73 2559 150 2626 ταῖς
172 2555 262 2637 ῥισίν
284 2556 554 2634 ἐμπεπτωκέναι,
582 2547 666 2640 μηδ’
692 2557 808 2639 ὥσπερ
831 2556 998 2638 Λημνίων
1021 2558 1097 2627 ταῖς
1119 2549 1250 2634 γυναιξί
1271 2556 1331 2638 την

71 2646 276 2740 Ἀφροδίτην
303 2657 525 2739 ὀργισθεῖσαν
550 2653 685 2738 λέγουσι
715 2656 922 2742 διαφθεῖραι
950 2657 1011 2728 τάς
1032 2650 1225 2733 μασχάλας,
1254 2656 1330 2716 κάν-

72 2754 163 2818 θάδε
186 2753 337 2836 νομίζετε
360 2765 426 2820 τῶν
450 2755 617 2819 πλειόνων
641 2755 863 2842 διεφθάρθαι
878 2758 940 2830 τάς
954 2759 1051 2841 ῥῖνας
1065 2757 1133 2816 ὑπὸ
1151 2752 1329 2834 δαιμονίου

69 2855 182 2936 χόλου,
197 2861 344 2921 κάπειτα
359 2863 520 2943 τοιαύτην
537 2862 652 2944 φωνην
669 2861 826 2944 ἀφιέναι·
850 2859 963 2920 πόθεν
970 2879 982 2933 ;
1004 2847 1080 2917 ἀλλ’
1099 2857 1174 2918 ἔστι
1191 2862 1329 2941 σημεῖον

20 2973 49 3025 15
71 2969 130 3045 τῆς
152 2963 295 3046 ἐσχάτης
316 2962 444 3044 ὕβρεως
466 2963 522 3022 καί
545 2962 713 3036 ἀπονοίας
735 2963 792 3023 καί
813 2968 875 3022 τού
894 2963 1121 3044 καταφρονεῖν
1136 2965 1203 3020 τῶν
1218 2955 1329 3022 καλῶν

73 3064 234 3125 ἀπάντων
257 3065 314 3125 καί
335 3061 439 3147 μηδὲν
464 3064 601 3147 αἰσχρόν
623 3064 796 3147 ηγεῖσθαι.
835 3064 923 3148 φημί
945 3059 983 3146 δη
1009 3058 1233 3142 διαλέγεσθαι
1253 3065 1377 3126 τού-51

72 3184 145 3240 τοις
168 3168 295 3245 ὁμοίως
316 3167 373 3227 καί
394 3160 545 3245 βαδίζειν
566 3167 623 3227 καί
644 3162 793 3244 βλέπειν.
840 3166 870 3226 εί
893 3161 929 3226 δέ
951 3159 1055 3247 μηδὲν
1078 3160 1216 3248 ἔκδηλον
1240 3165 1327 3225 ούτω

72 3272 185 3328 ποιεῖν
210 3265 266 3330 διά
289 3274 357 3329 τῶν
380 3268 541 3346 ὀμμάτων
565 3265 734 3343 δύνανται,
759 3267 845 3327 ὥστε
871 3267 1092 3351 ἐπιστρέφειν
1120 3267 1284 3343 ἅπαντας,
1306 3288 1326 3350 η

158 3575 168 3621 1
190 3559 382 3640 Ἀθηνάόοροσ
400 3568 423 3621 Τ
493 3572 509 3621 2
528 3565 627 3624 οἴεσθε
645 3567 736 3621 malim
753 3567 849 3621 abesse
935 3569 951 3618 4
969 3560 1006 3622 ἀν
1024 3561 1126 3636 ἔφερεν
1143 3565 1206 3631 ΜΤς
1224 3562 1328 3638 ἔφερεν

71 3652 191 3707 Cobetus
214 3653 391 3722 probabiliter
482 3647 659 3725 ὀλαβὴνΤ
744 3644 849 3720 θμετά
874 3653 964 3706 τῶνδε
986 3652 1035 3706 καί
1059 3653 1163 3706 τάνδεε
1193 3651 1254 3719 Ipsa
1278 3666 1326 3705 no-

70 3736 144 3790 mina
166 3738 280 3806 protulit
300 3740 367 3804 Dio,
396 3737 457 3794 vide
478 3737 560 3806 igitur
581 3752 616 3792 ne
639 3737 811 3794 scribendum
840 3735 888 3790 sit:
917 3729 990 3803 μετὰ
1016 3738 1076 3792 τῶν
1098 3738 1176 3792 δεῖνα
1197 3738 1245 3791 καί
1268 3738 1327 3791 τῶν

70 3827 148 3880 δεῖνα
252 3827 320 3895 Βτῆ
336 3839 386 3893 pro
404 3818 456 3893 τὴν
473 3822 504 3876 Μ
606 3820 695 3880 9τόν
712 3822 809 3878 om.U
894 3819 1000 3893 μηδένα
1018 3819 1122 3875 addidit
1140 3819 1258 3876 cobetus

72 3913 103 3962 12
122 3902 259 3967 ἀκούουσι
277 3909 326 3965 UT
415 3912 445 3963 13
464 3910 513 3963 καί
530 3901 569 3963 δι’
588 3902 673 3965 σίτων
689 3910 738 3965 καί
756 3901 795 3963 δι’
815 3901 976 3978 ὀφθαλμῶν
998 3905 1098 3960 seclusi
1195 3908 1225 3956 15
1243 3923 1327 3960 κεκα·

70 3994 194 4064 λυμμένα
217 3994 293 4060 libri,
316 4009 386 4048 corr.
411 3992 510 4047 Reiske
629 3987 811 4063 άνετιταμένη
832 3991 913 4047 UBM
1036 3993 1067 4044 16
1090 3993 1247 4061 τοιγαροῦν
1272 3995 1325 4044 stc.

70 4094 125 4133 non
148 4080 285 4147 intellego;
316 4078 380 4133 fort.
411 4068 510 4148 ὥσπερ
539 4075 580 4135 ἑνί
608 4082 667 4135 τῶν
692 4072 762 4149 ὀφέ.
791 4074 819 4133 oi
849 4095 936 4148 γεωμ.
1042 4079 1072 4130 11
1103 4072 1207 4146 δεινοῖν
1228 4074 1259 4128 Μ
1295 4086 1297 4091 ·

72 4168 103 4218 18
130 4161 166 4222 τά
196 4162 269 4222 ἀλλα
296 4164 359 4218 libri
471 4166 502 4216 19
527 4159 616 4236 ἑτέρῳ
639 4162 713 4218 UBT
741 4159 848 4232 ἑτέρων
871 4160 901 4214 Μ
930 4156 1051 4231 ἑτέρωθι
1079 4157 1158 4228 Wil.;
1190 4159 1241 4212 sub
1270 4154 1328 4215 ἑὲ·

69 4270 130 4322 ρων
155 4250 242 4304 morbi
269 4264 366 4303 nomen
394 4247 479 4302 latere
500 4247 618 4312 videtur,
647 4262 671 4302 e.
694 4263 733 4316 gr.
756 4240 773 4316 ἢ
795 4240 921 4316 τερηόιύν
1032 4247 1065 4298 20
1093 4235 1186 4315 νόημα
1210 4244 1240 4298 Μ

69 4339 99 4389 21
120 4333 210 4408 ῥεισίν
227 4335 257 4388 Μ
325 4336 449 4406 γυναιξίν
465 4333 515 4389 UT
585 4336 618 4386 22
638 4326 824 4405 ὀρχισθεῖσαν
842 4330 872 4384 Μ
924 4333 956 4383 23
974 4327 1075 4402 βείνασ
1094 4328 1124 4382 Μ
1142 4326 1269 4402 ῥίνασΤ

69 4423 102 4474 26
131 4417 251 4487 τούτους
277 4419 387 4490 scripsi,
415 4416 530 4485 τούτοις
554 4417 617 4472 libri
737 4420 768 4469 27
793 4418 880 4472 τοῦτο
903 4429 953 4484 pro
977 4404 1054 4471 ούτιο
1078 4415 1157 4470 Um.
1175 4429 1218 4484 pr.
1244 4417 1324 4481 (corr.

68 4496 150 4570 ούτο)
