3068 5160
220 279 260 337 32
674 277 795 333 D10NIS
814 277 865 331 DE
885 277 1012 334 REGNO

215 457 306 534 όμως
335 453 549 536 προσίεσθαι
577 455 636 538 την
664 460 726 514 τοῦ
750 453 941 536 κρείττονος
972 454 1169 537 ἠγεμονίαν,
1205 454 1300 533 ἰσχύι
1331 457 1398 534 μὲν
1434 459 1486 518 καί

216 553 317 636 θυμῷ
338 556 395 616 καί
416 555 476 636 βίᾳ
497 552 641 639 μηδενὸς
661 557 852 639 ηττώμενον
875 551 959 638 μηδὲ
982 555 1173 631 ὑπείκοντα,
1198 551 1357 638 λογισμῷ
1376 553 1416 618 δὲ
1432 561 1484 620 καί

217 657 381 740 φρονήσει
403 659 520 717 έκόντα
542 657 825 735 ὑποταττόμενον,
855 663 930 729 πῶς
953 656 1026 734 ούχί
1046 658 1103 718 καί
1127 661 1226 718 τοῦτο
1249 657 1337 742 θείη
1364 680 1423 733 τις
1445 662 1482 722 ἀν

166 763 201 822 71
217 753 387 837 παίδευμα
404 759 461 819 καί
478 755 624 840 δίδαγμα
645 756 822 838 βασιλικόν
844 766 911 820 τῶν
935 760 1121 842 σωφρόνων
1143 755 1327 839 βασιλέων,
1353 763 1396 822 τό
1415 759 1482 824 δεῖν

76 848 78 852 ’
216 859 412 942 ἀνθρώπων
432 861 494 939 μὲν
517 867 584 921 τῶν
607 861 734 939 όμοίων
755 861 929 944 κρείττονα
954 861 1159 944 φαινόμενον
1181 861 1308 943 ἄρχειν,
1339 858 1511 938 δικαίωςῡ

213 963 270 1023 καί
291 962 375 1022 κατά
400 963 504 1046 φύσιν
526 961 644 1041 ἔχοντα
667 965 726 1048 την
748 962 938 1047 ηγεμονίαν,
966 962 1023 1022 καί
1044 962 1082 1021 τό
1108 961 1169 1039 μὲν
1191 958 1337 1047 πλῆθος
1363 960 1483 1046 σῴζειν

215 1070 281 1124 τῶν
309 1065 483 1149 ὑπηκόων,
513 1060 786 1147 προβουλεύοντα
807 1064 865 1125 καί
891 1058 1185 1146 προπολεμοῦντα,
1211 1066 1293 1126 όταν
1320 1062 1402 1150 δέη,
1431 1069 1483 1130 καί

215 1161 427 1249 φυλάττοντα
456 1167 526 1227 ἀπό
550 1172 617 1226 τῶν
639 1166 764 1249 ἀγρίων
792 1166 849 1226 καί
872 1166 1081 1247 παρανόμων
1103 1166 1289 1248 τυράννων,
1323 1169 1420 1251 πρός
1449 1166 1482 1231 δὲ

213 1269 292 1340 τοὺς
314 1264 425 1328 ἀλλων
448 1264 620 1346 βασιλέας,
644 1264 679 1327 εί
696 1286 785 1340 τινες
808 1268 874 1350 ἀρα
892 1264 969 1342 εἷεν,
994 1261 1212 1345 ἁμιλλᾶσθαι
1226 1269 1309 1351 περὶ
1326 1278 1392 1355 τῆς
1408 1271 1481 1355 ἀρε·

213 1376 272 1453 τῆς
294 1370 351 1429 καί
372 1362 552 1451 ζητεῖν,.εί
575 1364 715 1430 δυνατὸν
742 1366 793 1452 εἴη
801 1415 811 1444 ,
841 1359 900 1428 ἐπ’
926 1363 1076 1451 ὠφελείᾳ
1105 1374 1171 1429 τῶν
1201 1370 1286 1431 όποι
1308 1374 1403 1434 ποτε
1427 1374 1479 1436 ἀν·
1498 1382 1516 1433 1ο

163 1470 368 1552 72θρώπων
389 1473 539 1552 κρατεῖν·
562 1469 661 1544 θεοῖς
682 1489 719 1551 γε
740 1465 806 1553 μὴν
828 1473 901 1542 τοῖς
923 1468 1098 1547 ἀμείνοσιν
1121 1470 1288 1548 ἔπεσθαι,
1311 1475 1478 1560 καθάπερ

215 1569 312 1650 οἶμαι
333 1579 490 1650 νομεῦσιν
514 1571 670 1652 ἀγαθοῖς,
692 1567 829 1655 κοίτην
851 1571 990 1654 κρείττω
1008 1571 1065 1632 καί
1085 1577 1351 1657 μακαριωτέραν
1376 1580 1478 1662 φύσιν

213 1679 392 1756 προτιμᾶν,
423 1669 593 1746 δεσπότας
621 1674 725 1734 αὑτοῦ
751 1675 807 1734 καί
829 1674 994 1755 ἀρχοντας
1023 1667 1201 1751 νομίζοντα
1224 1675 1397 1756 ἐκείνους,
1426 1682 1478 1743 καί

213 1781 275 1835 τοῦ
286 1777 446 1857 μεγίστου
461 1776 518 1836 καί
533 1776 669 1858 πρώτου
685 1771 855 1854 βασιλέως
869 1774 958 1834 θεοῦ
971 1781 1081 1858 κτῆμα
1097 1775 1342 1859 ἀποφαίνοντα
1359 1784 1476 1861 τιμιώ-

212 1896 314 1938 τατον
347 1885 484 1961 πρῶτον
516 1878 577 1957 μὲν
611 1877 722 1952 αὑτόν,
755 1877 875 1937 ἔπειτα
910 1877 989 1948 τοὺς
1024 1872 1146 1950 ἀλλους
1178 1879 1257 1951 τοὺς
1285 1871 1352 1940 ὑπ’
1389 1881 1514 1966 αύτῷῑί

164 1983 204 2044 73
219 1985 448 2061 τεταγμένους.
492 1980 549 2040 καί
580 1978 642 2062 γάρ
677 1973 716 2061 δὴ
752 1978 867 2061 ὥσπερ
897 1979 931 2038 οἱ
965 1980 1139 2063 σώφρονες
1167 1983 1298 2058 νομεῖς,
1333 1982 1476 2049 ἐπειδάν

209 2078 359 2159 χαλεπός
380 2083 436 2144 καί
459 2083 576 2165 ἀγριος
598 2087 720 2163 ταῦρος
743 2082 920 2160 γενόμενος
942 2081 1024 2162 ἀρχη
1049 2076 1200 2161 ἀσελγῶς
1230 2083 1327 2165 παρά
1361 2087 1473 2168 φύσιν,

211 2190 270 2266 τῆς
285 2184 346 2260 μὲν
362 2184 466 2243 αὑτοῦ
478 2187 700 2266 καταφρονῶν
716 2177 836 2264 ἀγέλης
851 2182 907 2242 καί
923 2177 1175 2260 λυμαινόμενος,
1191 2183 1270 2256 τοὺς
1287 2179 1324 2245 δὲ
1342 2181 1474 2262 ἔξωθεν

211 2280 494 2364 ἐπιβουλεύοντας
516 2285 703 2366 ὑποχωρῶν
717 2284 774 2344 καί
789 2279 1069 2366 προβαλλόμενος
1085 2285 1122 2344 τό
1140 2280 1306 2346 ἀδύνατον
1322 2283 1472 2373 πλῆθος,

210 2382 354 2469 μηδενός
377 2382 413 2446 δὲ
441 2382 594 2464 χαλεποῦ
619 2387 789 2468 παρόντος
817 2378 960 2467 ὑβρίζων
990 2386 1047 2446 καί
1074 2385 1341 2468 θρασυνόμενος,
1373 2397 1516 2452 τοῦτον)

210 2487 271 2567 μὲν
295 2483 352 2562 όξὺ
374 2487 431 2548 καί
453 2481 671 2569 ἀπειλητικόν
693 2487 897 2565 μυκώμενος,
920 2492 1019 2546 τοῦτο
1045 2483 1080 2548 δὲ
1110 2488 1232 2571 όρθοῖς
1254 2494 1329 2564 τοῖς
1350 2496 1473 2576 κέρασι

211 2590 324 2651 παίων
346 2591 404 2650 τόν
428 2589 485 2649 ούκ
505 2589 766 2666 ἀνθιστάμενον,
789 2583 1064 2666 ἐπιδεικνύμενος
1081 2581 1142 2670 [δὲ]
1158 2585 1217 2674 τὴν
1234 2591 1329 2669 ίσχὺν
1345 2593 1385 2655 ἐν
1399 2599 1472 2670 τοῖς

209 2692 329 2775 ἥττοσι
350 2693 406 2754 καί
428 2696 502 2765 τοῖς
526 2690 564 2751 οὑ
587 2692 808 2768 μαχομένοις,
837 2691 875 2749 τό
901 2685 936 2750 δὲ
959 2696 1026 2751 τῶν
1048 2690 1138 2770 βοῶν
1161 2688 1299 2776 πλῆθος
1322 2695 1471 2764 οὑκέῶν

210 2795 377 2872 νέμεσθαι
397 2785 482 2854 καθ’
513 2792 653 2877 ησυχίαν
683 2781 731 2850 δι’
757 2786 916 2874 ἔκπληξιν
944 2792 1001 2851 καί
1024 2792 1149 2875 φόβον·
1178 2795 1254 2854 τότε
1284 2802 1410 2859 τοῦτον
1437 2800 1472 2860 οί

211 2890 377 2955 δεσπόται
391 2896 448 2956 καί
462 2890 621 2974 βουκόλοι
634 2895 843 2975 μετέστησαν
858 2893 915 2953 καί
930 2895 1112 2976 ἠφάνισαν,
1136 2896 1182 2968 ὡς
1198 2895 1256 2956 οὑκ
1271 2895 1471 2983 ἐπιτήδειον
1490 2907 1515 2959 e

159 2998 200 3057 74
211 2991 287 3054 ούδὲ
318 2999 533 3079 συμφέροντα
563 2993 726 3078 ηγεῖσθαι
755 3001 814 3077 τῆς
838 2989 973 3077 ἀγέλης·
1002 2995 1060 3056 τόν
1089 2991 1125 3055 δέ
1153 2993 1265 3079 πρᾷον
1293 2999 1355 3076 μὲν
1391 3005 1524 3076 raige]

209 3100 394 3175 ἑπομέναις
416 3097 544 3177 βουσίν,
569 3095 714 3176 εόψοχυν
738 3091 773 3155 δὲ
797 3096 854 3156 καί
876 3096 1009 3179 ἀφοβον
1032 3098 1120 3179 πρός
1135 3097 1176 3157 τά
1199 3098 1319 3182 θηρία,
1344 3105 1468 3182 σεμνόν

210 3195 245 3258 δὲ
268 3200 324 3259 καί
344 3195 587 3282 μεγαλοπρεπῆ
610 3198 666 3258 καί
690 3193 829 3257 δυνατόν
860 3194 1040 3280 φυλάττειν
1068 3199 1124 3258 καί
1150 3202 1386 3283 προηγεῖσθαι
1409 3212 1467 3290 τῆς

209 3296 338 3384 ἀγέλης,
362 3305 435 3374 τοῖς
466 3297 503 3362 δέ
524 3320 560 3381 γε
582 3305 739 3377 νομεῦσιν
762 3296 894 3358 εἴκοντα
922 3300 979 3359 καί
1007 3299 1226 3378 πειθόμενον,
1256 3302 1342 3364 ἐῶσι
1366 3309 1467 3390 μέχρι

159 3403 317 3488 75γήρως
339 3405 501 3480 ὑστάτου,
528 3402 589 3463 κάν
611 3396 674 3484 ἤδη
698 3400 882 3483 βαρύτερος
904 3401 942 3460 τὸ
967 3406 1064 3478 σῶμα
1086 3405 1230 3486 γένηται.
1276 3405 1408 3482 ὁμοίως
1430 3404 1465 3470 δὲ
1486 3417 1512 3467 ³⁰

293 3680 305 3728 1
326 3676 500 3747 προσεῑσῦαι
511 3667 587 3724 UBV
604 3665 662 3730 (ubi
679 3667 794 3718 accentu
812 3664 895 3727 caret)
997 3655 1168 3762 ἡγεμόνειαν
1187 3667 1212 3720 V
1315 3673 1333 3723 4
1349 3676 1464 3746 βασιλη

206 3757 299 3817 κὸνΡ
358 3753 451 3828 δόγμα
469 3755 539 3818 libri,
559 3768 628 3807 corr.
647 3750 712 3804 Wil.
731 3766 765 3802 ex
782 3751 843 3814 §65
906 3740 1152 3818 ὑηγεμὸνειανὶί
1211 3749 1339 3810 Ἰτων(
1325 3750 1464 3829 ὑπηκόων

206 3836 394 3951 σφ’ζεινΙίΒλῙ
446 3836 660 3896 ὑοίτινεσΠΒ
712 3831 807 3892 αλλων
818 3833 975 3886 mutatum
968 3849 996 3885 ιιι
1014 3828 1154 3890 ἀλλοοσΡ
1210 3833 1276 3891 10”
1257 3862 1273 3910 η
1292 3857 1342 3909 pro
1355 3843 1418 3900 εἰν

206 3926 248 4001 εἴη
265 3949 344 4000 παρα
363 3923 498 3984 rva'
474 3923 516 3994 είη
534 3914 652 3980 πάντων
668 3921 717 3976 UB
814 3923 842 3972 11
863 3923 916 3988 τῆσ
937 3933 987 4021 pre
1010 3919 1114 3973 τοῖοΡ
1215 3925 1244 3974 12
1270 3928 1395 3997 κρείττω
1414 3933 1463 3986 καὶ

205 4010 256 4086 τὴν
272 4013 348 4069 UBV
418 4014 451 4064 14
468 4028 587 4083 πρωτον
604 4007 657 4077 μὲν
673 4009 722 4063 καί
733 4023 907 4075 τιμιωτατον
919 3998 1008 4060 αὑτὸν
1026 4004 1089 4066 (hoe
1106 4006 1173 4074 ord.)
1190 4007 1273 4074 UBV,
1292 4010 1358 4064 mihi
1376 4014 1461 4082 magis

204 4101 326 4167 placeret
343 4094 438 4165 τίμιον
527 4098 556 4148 15
574 4093 654 4146 immo
672 4083 723 4160 ὑφ
742 4086 820 4165 αὑτῷ
909 4095 936 4143 17
957 4084 1042 4160 ἀρχει
1058 4088 1095 4141 W
1177 4096 1208 4146 18
1226 4103 1287 4160 τοῖς
1305 4096 1336 4153 δὲ
1353 4093 1461 4166 ἔξωθεν

204 4177 437 4255 ἐπιβουλεύουσιν
448 4180 507 4234 PW
577 4168 889 4276 ῖὺθρασῖνάμενοσΡ
941 4177 970 4226 21
986 4173 1152 4228 wiremU
1221 4180 1253 4232 22
1266 4179 1296 4236 δὲ
1308 4182 1409 4237 seclum

205 4258 272 4319 23⁰
254 4286 372 4336 ηττοσιν
388 4265 414 4320 U
510 4269 543 4318 24
560 4263 614 4320 τὸν
631 4266 766 4319 τοιοῦτον
783 4275 833 4328 pro
852 4250 921 4316 τότε
938 4266 1045 4319 τοῦτον
1063 4256 1182 4313 Dindorf
1196 4264 1375 4331 probabiliter

204 4354 236 4402 25
254 4343 440 4421 ἡφάνηοανῑί
493 4354 524 4404 ῖί
543 4344 880 4421 άψοχονῐίέμψνχονν
949 4349 1017 4406 29
998 4373 1107 4423 ηκοντα
1125 4346 1151 4400 V
1208 4353 1240 4403 30
1258 4352 1408 4422 yr'vprarV

203 4429 380 4507 βραδύτερος
396 4434 561 4490 Herwerdeu
577 4447 720 4501 perperam
