3068 5160
224 339 284 398 178
587 337 710 393 DIONIS
729 338 779 391 DE
799 336 864 390 DEI
882 335 1109 391 COGNITIONE

223 513 346 602 φαῦλα,
363 511 447 575 ἀλλά
463 517 522 599 την
539 521 653 575 πᾶσαν
668 514 806 597 ἰσχυράν
816 514 873 574 καί
887 513 1026 596 βαρεῖαν
1044 511 1177 572 οὐσίαν·
1197 507 1269 593 ἰδίη
1285 530 1321 571 τε
1337 511 1486 572 ἕκαστον

222 616 435 702 διακρίνοντα
457 617 513 676 καί
537 612 769 694 συμπλέκοντα
794 617 842 690 εἰς
866 608 990 699 [ταύτό]
1012 618 1141 696 γένεσιν
1164 607 1257 694 ζῴων
1278 613 1336 674 καί
1353 619 1485 697 φυτῶν,

223 717 299 781 οὐδὲ
327 720 427 792 θεοῖς
456 724 544 778 πᾶσι
575 714 714 778 δυνατόν
742 719 761 801 ἢ
792 720 882 798 μόνῳ
913 718 1020 797 τούτῳ
1053 711 1169 794 σχεδδν
1194 712 1232 775 δν
1254 717 1344 776 πάνυ
1368 711 1485 789 καλῶς

221 824 367 907 ποιητης
390 824 578 904 προσεῖπεν
601 823 724 904 ἕτερος,
1477 875 1480 884 .

446 919 632 984 Δωδωναῖε
654 922 863 1002 μεγασθενὲς
886 922 1106 1005 ἀριστοτέχνα
1129 921 1247 1002 πάτερ.
1507 931 1522 979 5

170 1024 319 1099 ὃῖοὐτος
345 1025 407 1107 γάρ
432 1020 469 1108 δὴ
495 1030 632 1106 πρῶτος
653 1025 709 1084 καί
730 1019 943 1096 τελειότατος
967 1018 1177 1106 δημιουργός,
1198 1022 1342 1105 χορηγόν
1368 1017 1485 1102 λαβὼν

220 1136 279 1213 τῆς
296 1129 400 1187 αὐτοῦ
413 1130 529 1208 τέχνης
546 1127 583 1186 οὐ
599 1127 658 1210 την
671 1117 815 1186 Ἠλείων
832 1121 942 1200 πόλιν,
967 1121 1051 1185 ἀλλά
1068 1125 1126 1208 την
1143 1128 1255 1183 πᾶσαν
1271 1129 1335 1184 τοῦ
1348 1125 1483 1197 παντὸς

219 1225 309 1312 ὐλην.
357 1224 499 1288 Φειδίαν
524 1223 558 1288 δὲ
573 1228 593 1311 ἢ
610 1223 837 1288 Πολύκλειτον
862 1227 919 1286 οὐκ
941 1226 982 1286 ἀν
1005 1227 1143 1299 εἰκότως
1165 1225 1348 1286 ἀπαιτοῖτε
1374 1221 1482 1286 πλέον
1498 1240 1530 1289 (21

222 1327 332 1404 οὐδέν,
363 1324 448 1389 ἀλλὰ
477 1329 659 1390 καὶταῦτα
681 1323 784 1408 μείζω
807 1331 863 1390 καί
887 1330 1069 1412 σεμνότερα
1092 1335 1151 1412 τῆς
1173 1330 1338 1411 ἡμετέρας
1358 1347 1481 1410 χειρω-

170 1428 349 1507 83ναξίας.
404 1427 480 1491 οὐδὲ
510 1431 572 1514 γάρ
608 1433 666 1491 τόν
682 1423 878 1514 Ἥφαιστον
900 1423 1053 1514 ’Όμηρος
1079 1431 1114 1491 έν
1143 1425 1261 1502 ἀλλοις
1290 1430 1482 1513 πεποίηκεν
1506 1440 1533 1490 10

220 1530 494 1610 ἐπιδεικνύμενον
517 1534 576 1617 την
599 1533 795 1616 ἐμπειρίαν,
820 1529 904 1592 ἀλλά
927 1534 1076 1616 τεχνίτην
1099 1533 1159 1610 μέν
1182 1532 1267 1592 θεδν
1290 1530 1482 1615 εὐπόρησεν

221 1637 280 1696 ε’πί
309 1636 347 1695 τδ
377 1642 436 1718 τῆς
465 1630 613 1707 ἀσπίδος
642 1635 754 1716 ἔργον,
784 1631 864 1718 ὕλην
895 1632 930 1696 δὲ
960 1639 1076 1717 ἑτέραν
1106 1634 1164 1694 οὐκ
1191 1633 1329 1717 ἐφίκετο
1360 1633 1479 1715 εὑρεῖν.

222 1737 308 1822 φησί
328 1736 391 1819 γάρ
416 1735 521 1796 οὕτω·

384 1834 507 1916 χαλκόν
531 1829 563 1898 δ’
589 1839 624 1897 έν
647 1839 729 1920 πυρί
751 1834 872 1918 βάλλεν
895 1840 1030 1922 ἀτειρέα
1053 1838 1253 1921 κασσίτερόν
1274 1855 1308 1898 τε

387 1941 443 2000 καί
462 1939 586 2023 χρυσδν
609 1947 751 2023 τιμῆντα
773 1941 830 2001 καί
852 1941 1004 2024 ἄργυρον.
1498 1949 1527 1998 15

220 2043 417 2120 ἀνθρώπων
447 2043 508 2121 μέν
532 2041 589 2102 οὖν
613 2042 715 2122 έγωγε
744 2039 854 2103 οὐδενί
883 2031 1168 2126 παραχωρήσαιμ’
1198 2035 1276 2121 <ἀν>
1302 2039 1472 2124 κρείττονα

219 2146 304 2223 ἐμοῦ
326 2163 411 2205 ποτε
433 2144 596 2224 γενέσθαι
619 2144 699 2226 περί
720 2145 780 2228 την
802 2148 934 2226 τέχνην,
966 2141 1054 2224 αὐτῷ
1080 2139 1115 2204 δὲ
1138 2139 1185 2224 τῷ
1208 2143 1287 2219 Διί,
1306 2138 1472 2226 ,δημιουρ-

219 2252 332 2325 γοῦντι
354 2247 412 2305 τὸν
436 2246 571 2304 ἅπαντα
594 2247 720 2324 κόσμον
745 2245 782 2304 οὐ
802 2247 863 2329 χρη
889 2242 1090 2326 ξυμβάλλειν
1114 2242 1233 2307 οὐδένα
1256 2244 1397 2330 θνητόν.

169 2348 210 2410 84
305 2337 400 2406 ταῦτ’
432 2345 488 2406 οὐν
512 2347 653 2406 εἰπόντα
676 2348 732 2407 καί
755 2343 1054 2430 ἀπολογησάμενον
1083 2349 1141 2408 τόν
1166 2343 1309 2408 Φειδίαν
1338 2348 1478 2420 εἰκότως

219 2449 296 2527 ἐμοί
319 2445 475 2508 δοκοῖσιν
492 2448 526 2506 οῖ
549 2439 698 2530 Έλληνες
722 2454 941 2530 στεφανῶσαι
963 2450 1013 2510 ἀν.
1060 2443 1156 2530 [ἴσως
1173 2445 1208 2510 δέ
1224 2451 1303 2523 τούς
1325 2444 1477 2522 πολλοὺς
1499 2458 1528 2508 1ο

221 2547 363 2635 λέληθεν
387 2551 405 2610 δ
429 2545 526 2630 λόγος
548 2550 633 2632 ὑπὲρ
658 2547 704 2610 ὥν
726 2553 854 2630 γέγονε,
877 2551 933 2610 καὶ
954 2547 1063 2629 μάλα,
1087 2552 1163 2630 ἐμοί
1186 2547 1308 2626 δοκεῖν,
1334 2546 1478 2634 φιλοσό-

221 2673 301 2738 φοις
322 2673 359 2714 τε
382 2653 558 2735 ἁρμόττων
580 2652 637 2712 καί
659 2647 790 2736 πλήθει
812 2652 968 2727 ἀκοῦσαι,
997 2654 1078 2736 περί
1100 2674 1136 2715 τε
1158 2649 1358 2735 ἀγαλμάτων
1382 2649 1476 2734 ίδρό-

221 2771 316 2830 σεως,
340 2757 435 2828 ὅπως
451 2750 508 2814 δεῖ
519 2750 693 2836 ἱδρῦσθαι,
708 2754 765 2814 καί
781 2754 860 2835 περί
876 2760 1028 2836 ποιητῶν
1044 2756 1149 2832 ὅπως,
1173 2757 1307 2836 ἀμεινον
1321 2753 1341 2838 ἢ
1355 2757 1472 2836 χεῖρον

221 2854 436 2918 διανοοῦνται
459 2857 538 2938 περί
560 2861 627 2915 τῶν
649 2855 773 2930 θείων,
803 2855 854 2916 ἔτι
877 2851 912 2915 δέ
937 2858 1016 2940 περί
1037 2850 1131 2942 <της>
1156 2857 1292 2942 πρώτης
1313 2855 1473 2928 ἐπινοίας

219 2958 315 3033 θεοῦ,
339 2959 424 3018 ποία
440 2978 492 3030 τις
507 2959 563 3018 καί
577 2958 652 3017 τίνα
674 2959 802 3039 τρόπον
818 2958 853 3017 έν
869 2962 941 3031 τοῖς
957 2959 1160 3041 ἀνθρώποις
1182 2961 1322 3040 ἐγένετο.
1359 2952 1473 3017 πολλοὶ
1503 2965 1518 3015 1

220 3055 255 3118 δέ
274 3057 371 3138 οἶμαι
384 3059 440 3120 καί
455 3061 535 3142 περί
551 3056 722 3139 δυνάμεως
745 3059 873 3143 ἐρρηθη
896 3067 958 3120 τοῦ
970 3061 1056 3134 Διὸς
1077 3061 1162 3121 κατά
1185 3061 1246 3135 τάς
1267 3059 1474 3137 ἐπωνυμίας.

219 3160 250 3220 εἰ
266 3156 302 3220 δὲ
317 3151 393 3237 μετ’
420 3161 589 3244 εὐφημίας
610 3169 672 3222 τοῦ
684 3183 720 3222 τε
737 3157 929 3242 ἀγάλματος
951 3163 1008 3222 καί
1029 3167 1095 3222 τῶν
1120 3159 1361 3246 ἱδρυσαμένων,
1385 3156 1475 3221 πολύ

169 3255 381 3344 85άμεινον.]
426 3260 473 3344 τῴ
489 3262 551 3346 γάρ
568 3264 639 3324 όντι
653 3271 808 3337 τοιοῦτος
829 3268 908 3348 ημῖν
933 3272 1107 3347 προσορᾶν
1130 3265 1228 3342 ἔοικε,
1252 3265 1342 3326 πάνυ
1360 3261 1476 3338 τόνους

189 3499 191 3503 ⁴
307 3477 414 3534 Ῑίόίαν
430 3477 462 3532 Μ
530 3473 634 3534 ἑαυτὸν
651 3493 700 3548 pro
720 3473 844 3535 ἕκαστον
861 3477 891 3531 Μ
946 3476 1178 3546 1συμπλέκοντα
1202 3477 1242 3544 εἰς
1259 3477 1371 3550 γένεσιν
1388 3470 1476 3556 ζηίων

218 3563 324 3632 scripsi,
341 3561 520 3632 ἐμπλέκοντσ
533 3563 574 3628 εἰς
585 3557 674 3619 ταύτὸ
687 3562 776 3634 γένοσ
787 3566 836 3618 καί
853 3559 936 3631 ζώων
948 3562 997 3617 UB
1014 3558 1195 3630 ἐμπλέκονται
1213 3561 1368 3627 (πλέκοντα
1386 3563 1420 3630 Ρ)
1432 3565 1475 3631 εἰς

217 3643 389 3721 ταύτογενὲσ
401 3653 450 3705 καί
459 3647 629 3717 ζώωνΜΡΥ
680 3644 802 3716 Ι3μόνον
813 3651 900 3704 τοῦτο
910 3647 957 3702 UP
967 3642 1061 3716 μόνον
1072 3643 1166 3722 τούτῳ
1175 3647 1228 3702 ΒΜ
1281 3641 1476 3718 δρτοδνΠΒ,

218 3750 269 3788 om.
286 3734 338 3787 MP
390 3728 613 3804 4ὃτιοιητίγσΜ
665 3729 788 3802 ὐδὴοιυ.
801 3733 849 3786 ΡΥ
903 3731 1068 3803 8φιδίανΜ
1121 3724 1422 3806 εἰκόιοσάπαιτῆτεΡ
1467 3796 1474 3802 ‚

220 3825 250 3874 10
268 3817 300 3875 ἐν
318 3829 382 3875 τοῖο
400 3814 501 3875 ἀλλοισ
518 3816 598 3873 UBM
670 3821 699 3871 11
719 3813 854 3888 τεχνητην
872 3818 900 3871 Μ
971 3822 1002 3871 14
1018 3812 1109 3890 βάλεν
1126 3817 1174 3874 UP
1254 3825 1285 3874 15
1303 3819 1474 3889 τιμῶνταΡ

218 3900 352 3974 τιμήεντα
370 3903 425 3959 UM
490 3905 521 3955 16
540 3897 780 3971 παραχωρήσαιμι
799 3902 868 3966 libri,
888 3897 924 3959 ἀν
942 3902 1004 3958 εδδ.
1024 3901 1120 3970 Pflugk
1181 3909 1211 3959 17
1230 3901 1302 3974 ἐμοῦ
1318 3923 1392 3962 ποτε
1408 3908 1474 3974 post

217 3988 351 4059 γενέσθαι
369 3992 472 4056 transp.
492 3986 539 4038 PY
556 3979 688 4050 (ἀνὲσθαι
706 3985 737 4050 Ρ)
839 3987 887 4042 Ari·
902 4003 953 4041 om.
972 3989 998 4043 U
1108 3992 1138 4043 18
1157 3983 1211 4046 τὸν
1228 3979 1344 4047 ἅπαντα
1361 3986 1475 4062 χρόνον

217 4073 298 4129 UBM
321 4068 376 4128 τὸν
394 4062 508 4128 ἅπαντα
527 4065 621 4127 πόνον
638 4074 784 4140 (superscr.
806 4067 919 4140 κόσμον
940 4068 959 4143 ἢ
976 4064 1080 4139 τόκον)
1097 4074 1119 4126 Ρ
1207 4079 1361 4148 ξυμβαλεῖν
1382 4074 1404 4128 Ρ

220 4163 251 4212 19
274 4151 574 4229 ἀπολογισάμενονῑί
660 4156 757 4225 φιδίαν
781 4155 809 4209 Μ
912 4161 945 4211 20
972 4153 1040 4223 ἴσως
1064 4157 1093 4214 δὲ
1116 4189 1148 4196 -
1174 4162 1206 4214 18
1234 4157 1352 4230 ἄμεινον
1378 4160 1475 4230 spuria

218 4257 286 4308 esse,
305 4244 385 4297 docet
397 4242 591 4296 sententiarum
604 4256 722 4296 conexus
775 4245 806 4295 11
826 4245 904 4297 δοκεῖ
913 4241 984 4309 libri,
1002 4243 1147 4312 praeterii
1199 4247 1232 4298 11
1245 4239 1421 4319 ἁρμόζωνῐί

217 4322 355 4398 ἢπλήθει
373 4327 422 4382 UB
475 4331 507 4382 13
528 4317 612 4383 δπωσ
629 4346 660 4383 τε
678 4330 721 4383 δεῖ
731 4325 778 4380 ΡΥ
830 4329 862 4379 14
875 4331 937 4387 ταῖν,
951 4329 1072 4384 θεῶνῑί
1124 4331 1193 4401 περί
1210 4348 1241 4386 τε
1257 4330 1321 4385 libri
1338 4345 1392 4385 om.
1410 4333 1473 4402 τῆσ,

219 4425 288 4464 corr.
307 4411 408 4464 Reiske
512 4417 544 4466 25
562 4411 679 4468 θεάνΡ
784 4415 816 4465 16
838 4415 886 4467 καί
904 4408 940 4469 τὰ
958 4408 1056 4468 τάοΙί
1159 4416 1192 4467 18
1210 4414 1385 4472 τοιοῦτονΡ

217 4489 310 4550 ἔοικεν
327 4495 353 4549 U
