3068 5160
202 330 262 388 196
665 326 790 383 DIONIS
808 326 986 383 VENATOR

199 527 236 568 τε
264 512 330 567 τῶν
354 502 460 586 λόγων
490 505 547 578 ούς
570 501 647 565 είπε
672 504 728 565 καί
750 505 820 564 άπδ
844 510 906 564 τοῦ
927 503 1096 586 σχήματος
1119 503 1338 586 πρῶτονμὲν
1365 496 1467 584 ἠξίου

201 615 377 692 σιωπῆσαι
392 609 430 667 τά
447 602 600 691 πλῆθος·
623 606 680 666 καί
694 605 907 689 ἐσιώπησαν·
931 604 1050 664 ἔπειτα
1066 601 1143 665 εἶπε
1158 610 1200 688 τῇ
1224 609 1321 688 φωνῇ
1337 599 1469 686 πρᾴως

199 711 253 772 ότι
269 705 365 770 ούδὲν
380 705 555 770 ἀδικοῦσιν
571 708 605 768 οἱ
629 709 689 792 την
712 707 813 790 ἀργόν
835 714 894 791 τῆς
907 707 1021 790 χώρας
1042 699 1258 788 ἐργαζόμενοι
1279 705 1336 766 καί
1359 724 1468 765 κατα-

150 813 190 875 34
202 805 424 887 σκευάζοντες,
441 807 526 870 άλλά
538 809 733 870 τούναντίον
745 808 887 869 ἐπαίνου
901 804 1040 880 δικαίως
1055 807 1096 867 ἂν
1111 808 1321 887 τυγχάνοιεν·
1336 806 1399 867 καί
1413 801 1474 866 δεῖ

200 915 244 999 μη
261 917 334 986 τοῖς
352 908 572 991 οἰκοδομοῦσι
585 911 642 972 καί
658 911 841 996 φυτεύουσι
856 911 915 995 την
933 906 1099 993 δημοσίαν
1114 917 1174 994 γῆν
1186 904 1346 988 χαλεπῶς
1364 908 1469 986 ἔχειν,
1493 919 1507 967 5

200 1011 285 1076 ἀλλὰ
301 1019 374 1089 τοῖς
388 1013 693 1098 καταφθείρουσιν.
731 1013 808 1073 ἐπεὶ
822 1012 878 1073 καί
893 1018 959 1086 νῦν,
983 1011 1060 1095 ἔφη,
1085 1007 1258 1095 ώάνδρες,
1284 1006 1407 1088 σχεδόν
1431 1030 1469 1070 τι

199 1117 241 1178 τά
259 1114 318 1178 δύο
332 1121 416 1200 μέρη
433 1123 493 1201 τῆς
505 1117 618 1199 χώρας
633 1118 727 1198 ημῶν
746 1114 852 1198 ἔρημά
869 1108 944 1175 ἐστι
962 1104 1010 1174 δι’
1029 1109 1240 1192 άμέλειάντε
1254 1113 1311 1173 καί
1327 1107 1468 1193 όλιγαν-

200 1219 374 1302 θρωπίαν.
414 1217 504 1298 κάγώ
528 1213 640 1277 πολλά
661 1220 823 1299 κέκτημαι
846 1211 994 1299 πλέθρα,
1019 1215 1135 1298 ὥσπερ
1160 1213 1257 1294 οίμαι
1277 1215 1335 1276 καί
1358 1208 1469 1287 ἄλλος

200 1341 263 1396 τις,
288 1320 325 1380 ού
347 1321 451 1398 μόνον
474 1320 510 1380 έν
532 1322 605 1392 τοῖς
628 1319 757 1400 ὄρεσιν,
781 1312 866 1377 ἀλλά
888 1318 945 1378 καί
966 1316 1001 1377 ἐν
1024 1321 1098 1390 τοῖς
1120 1313 1284 1392 πεδινοῖς,
1308 1316 1330 1375 ά
1354 1313 1392 1376 εἴ
1411 1336 1468 1389 τις

201 1417 321 1482 έθέλοι
341 1420 583 1504 γεωργεῖν,·νού
606 1421 708 1497 μόνον
735 1419 776 1480 ἂν
805 1423 931 1502 προῖκα
960 1415 1072 1502 δοίην,
1101 1414 1187 1479 ἀλλά
1215 1419 1272 1480 καί
1300 1418 1467 1501 ἀργύριον
1492 1427 1518 1477 10

152 1519 308 1603 35ηδέως
331 1518 607 1605 προστελέσαιμι.
653 1516 753 1604 δῆλον
774 1520 837 1603 γάρ
862 1521 908 1594 ώς
934 1520 1011 1599 ἐμοί
1032 1516 1176 1594 πλέονος
1199 1516 1278 1596 ἀξία
1299 1519 1466 1600 γίγνεται,
1531 1565 1532 1568 ¹

201 1625 258 1685 καί
280 1625 349 1702 ἅμα
372 1619 432 1707 ηδύ
456 1625 565 1705 ὅραμα
586 1623 680 1707 χώρα
704 1623 879 1705 οἰκουμένη
908 1623 965 1684 καὶ
987 1624 1135 1705 ἐνεργός·
1164 1626 1184 1706 η
1215 1610 1247 1683 δ’
1272 1621 1402 1705 ἔρημος
1426 1622 1466 1682 ού

200 1727 305 1803 μόνον
327 1720 501 1809 ἀνωφελές
521 1731 629 1808 κτῆμα
651 1728 724 1797 τοῖς
747 1724 890 1801 ἔχουσιν,
914 1721 998 1784 ἀλλά
1021 1725 1077 1786 καί
1101 1720 1235 1808 σφόδρα
1255 1720 1405 1786 ἐλεεινόν
1428 1744 1467 1784 τε
1529 1772 1532 1780 .

152 1827 259 1892 36καί
286 1822 464 1905 δυστυχίαν
493 1825 568 1886 τινά
595 1811 800 1909 κατηγοροῦν
828 1833 895 1890 τῶν
924 1822 1111 1887 δεσποτῶν.
1163 1826 1250 1887 ὥστε
1278 1846 1340 1905 μοι
1369 1822 1472 1887 δοκεῖ

200 1925 327 2009 μᾶλλον
348 1932 483 2012 ἐτέρους
505 1930 729 2011 προτρέπειν,
760 1930 860 2001 ὅσους
882 1928 923 1988 ἂν
947 1924 1096 2011 δύνησθε
1118 1934 1185 1989 τῶν
1209 1924 1379 2003 πολιτῶν,
1411 1929 1466 2010 έρ-
1491 1937 1517 1986 15

200 2026 368 2111 γάζεσθαι
390 2037 450 2114 τῆς
473 2026 639 2114 δημοσίας
660 2038 721 2115 γης
743 2025 991 2109 ἀπολαβόντας,
1017 2031 1096 2103 τούς
1117 2031 1179 2108 μὲν
1201 2030 1360 2114 άφορμην
1384 2049 1464 2090 τινα

201 2133 338 2211 ἔχοντας
360 2128 479 2208 πλείω,
502 2133 581 2205 τούς
604 2128 640 2192 δέ
664 2135 826 2215 πένητας,
853 2132 935 2214 ὅσην
958 2131 998 2191 ἂν
1021 2133 1162 2206 ἕκαστος
1183 2112 1205 2215 ᾖ
1229 2127 1463 2207 δυνατός,,ίνα
1480 2143 1527 2196 (106

201 2235 279 2313 ύμῖν
301 2235 321 2316 ἥ
344 2253 380 2294 τε
399 2235 493 2317 χώρα
516 2233 649 2316 ένεργύς
671 2213 693 2316 ᾖ
714 2233 859 2294 καὶτῶν
883 2228 1034 2293 πολιτῶν
1064 2234 1098 2294 οἱ
1124 2229 1285 2306 θέλοντες
1308 2229 1369 2294 δύο
1394 2239 1464 2294 τῶν

153 2340 191 2400 37
203 2335 370 2416 μεγίστων
393 2331 648 2419 ἀπηλλαγμένοι
668 2340 793 2409 κακῶν,
821 2334 941 2417 άργίας
961 2335 1018 2396 καὶ
1040 2336 1169 2409 πενίας.
1214 2335 1274 2396 έπί
1296 2330 1377 2396 δέκα
1401 2335 1464 2413 μέν

202 2435 259 2496 ούν
281 2436 337 2519 έτη
356 2440 481 2518 προῖκα
497 2438 658 2515 έχόντων·
681 2435 766 2514 μετά
783 2431 819 2495 δὲ
835 2442 953 2496 τοῦτον
971 2437 1029 2497 τόν
1045 2438 1171 2521 ,χρόνον
1186 2432 1371 2516 ταξάμενοι
1386 2441 1465 2516 μοῖ-
1489 2447 1515 2496 νο

200 2558 262 2623 ραν
286 2534 400 2621 ὀλίγην
423 2541 662 2616 παρεχέτωσαν
686 2538 755 2597 ἀπὸ
780 2542 846 2597 τῶν
868 2544 1018 2619 καρπῶν,
1046 2540 1117 2600 άπὸ
1142 2535 1178 2600 δὲ
1200 2545 1267 2600 τῶν
1289 2537 1465 2621 βοσκημά-

200 2660 267 2701 των
289 2636 403 2724 μηδέν.
448 2639 506 2702 έάν
531 2636 568 2701 δέ
589 2661 642 2714 τις
665 2636 759 2716 ξένος
783 2646 928 2722 γεωργῇ,
956 2644 1057 2702 πέντε
1079 2642 1136 2726 έτη
1159 2641 1216 2702 καί
1239 2637 1333 2701 οὗτοι
1353 2636 1466 2723 μηδὲν

199 2738 465 2818 ὑποτελούντων,
488 2743 628 2825 ὕστερον
652 2739 687 2802 δὲ
712 2737 896 2802 διπλάσιον
918 2741 937 2825 ἢ
956 2743 989 2802 οἱ
1005 2739 1154 2804 πολῖται.
1194 2741 1232 2816 δς
1248 2737 1283 2802 δὲ
1304 2740 1345 2800 δν
1367 2735 1465 2823 έξερ·

201 2845 347 2927 γάσηται
369 2849 436 2905 τῶν
459 2840 562 2920 ξένων
586 2840 743 2904 διακόσια
766 2839 914 2926 πλέθρα,
938 2840 1082 2928 πολίτην
1103 2845 1203 2905 αὐτόν
1219 2841 1317 2918 εἶναι,
1341 2841 1396 2902 ίνα
1416 2842 1466 2916 ὡς

155 2940 365 3011 38πλεῖστοι
391 2943 475 3008 ώσιν
505 2947 538 3006 οἱ
567 2945 858 3028 προθυμούμενοι.
903 2945 980 3007 έπεί
1009 2953 1065 3007 νῦν
1094 2965 1130 3027 γε
1158 2947 1215 3008 καί
1237 2945 1278 3006 τά
1302 2945 1369 3027 πρὸ
1394 2950 1466 3006 τῶν
1490 2957 1516 3006 15

202 3041 318 3106 πυλῶν
341 3046 441 3130 άγρια
465 3043 640 3122 παντελῶς
663 3048 738 3108 έστι
758 3047 815 3108 καί
838 3047 959 3130 αἰσχρά
983 3043 1111 3123 δεινῶς,
1140 3047 1255 3130 ὥσπερ
1279 3046 1314 3106 ἐν
1337 3045 1465 3128 ἐρημίη

201 3153 243 3232 τῇ
265 3147 453 3231 βαθυτάτη,
477 3149 536 3227 ούχ
558 3150 605 3223 ὡς
628 3151 817 3232 προάστιον
845 3144 994 3222 πόλεως’
1026 3149 1067 3210 τά
1092 3146 1129 3210 δέ
1150 3168 1186 3230 γε
1213 3147 1307 3220 ἐντός
1329 3146 1465 3224 τείχους

204 3249 382 3331 σπείρεται
410 3250 452 3310 τά
481 3247 627 3312 πλεῖστα
655 3252 712 3312 καί
737 3237 969 3329 κατανέμεται.
1100 3250 1217 3311 ούκοῦν
1239 3243 1353 3324 ἄξιον,
1382 3247 1463 3332 ἔφη,

202 3350 384 3430 θαυμάσαι
399 3357 465 3413 τῶν
481 3354 642 3437 ῥητόρων,
663 3355 716 3414 ὅτι
731 3353 810 3426 τούς
825 3353 885 3430 μὲν
901 3353 960 3414 ε’πί
975 3350 1022 3434 τῷ
1042 3353 1207 3438 Καφηρεῖ
1218 3345 1465 3436 φιλεργοῦντας

203 3454 238 3513 έν
253 3456 326 3526 τοῖς
342 3453 498 3531 ἐσχάτοις
521 3462 580 3539 τῆς
596 3455 742 3535 Εὐβοίας
767 3461 1025 3539 συκοφαντοῦσι,
1051 3455 1130 3528 τούς
1153 3450 1189 3515 δὲ
1213 3453 1251 3514 τὸ
1274 3452 1464 3533 γυμνάσιον
1487 3464 1516 3514 ευ

202 3561 430 3638 γεωργοῦντας
456 3557 512 3618 καὶ
539 3559 598 3641 την
633 3556 758 3639 άγοράν
786 3559 1035 3634 κατανέμοντας
1064 3552 1159 3616 οὐδὲν
1191 3552 1322 3616 οἴονται
1345 3557 1465 3616 ποιεῖν

206 3717 258 3725 -ι-
453 3721 617 3726 ...-.-.-....-.
621 3721 884 3726 ..-,......,...-.--.-.,-.

290 3826 301 3874 1
322 3816 402 3879 εἶπεν
419 3823 444 3878 U
519 3826 534 3875 3
553 3814 646 3894 άργὴν
664 3822 736 3887 libri,
757 3837 829 3877 corr,
848 3821 1015 3877 Boissonade
1101 3826 1118 3875 4
1135 3821 1255 3878 δικαίου
1272 3837 1324 3876 om.
1343 3819 1393 3873 PH

204 3902 424 3976 5φιτεύουσιΡ
477 3902 611 3979 Ἰύρεινά
629 3904 689 3963 ἐστι
707 3906 777 3973 libri,
796 3922 865 3963 corr.
883 3905 981 3975 Pflugk
1032 3911 1211 3964 9πεόεινοῖσ
1227 3905 1252 3962 U
1269 3921 1305 3960 m.
1322 3920 1375 3975 pr„
1393 3906 1420 3959 B

206 3997 235 4046 10
253 3991 373 4049 θέλοιῐ]
390 4007 426 4047 m.
445 4007 496 4061 pr„
514 3991 608 4048 ἐθέλει
619 3991 668 4046 ΡΗ
738 3986 775 4049 ι’ίν
793 4007 845 4047 om.
858 3991 940 4047 UBM
1010 3993 1091 4065 δοίην
1108 4006 1125 4046 ε
1143 3995 1298 4046 correctore
1314 3989 1382 4045 inU
1400 3990 1467 4057 (fuit

203 4071 286 4150 ύῴην)
299 4073 373 4153 δηίην
385 4077 439 4131 ΒΜ
510 4082 539 4131 11
560 4073 625 4143 ἄξια
637 4079 747 4150 γίνεται
759 4076 808 4131 ΡΗ
880 4081 911 4131 12
929 4076 992 4134 iil>
1064 4081 1095 4131 14
1112 4080 1207 4134 δοκεῖν
1219 4076 1267 4131 UB
1338 4079 1371 4130 16
1389 4067 1467 4133 άπα-

277 4183 312 4220 ον

203 4235 348 4288 λαυοντασ
365 4231 439 4298 (sici)
456 4229 483 4284 H
576 4234 605 4284 17
624 4233 672 4288 καὶ
689 4231 780 4288 πλείω
799 4230 822 4285 U
840 4231 899 4297 (sed
916 4234 965 4287 καί
983 4231 1149 4299 expunctum
1167 4243 1184 4283 a
1201 4243 1237 4282 m.
1255 4231 1309 4298 pr.)
1370 4217 1467 4305 Πίσιν

204 4315 280 4372 Um.
299 4332 341 4386 pr.
429 4321 461 4370 20
480 4311 604 4374 ἔτουσΡ
708 4319 740 4369 22
761 4308 842 4373 οὐδὲν
859 4332 910 4384 pro
929 4315 1058 4389 μηδὲνΗ
1153 4307 1206 4370 ἐὰν
1223 4313 1253 4370 δέ
1270 4316 1466 4387 κισ-μηδὲν

204 4400 297 4454 om.P
384 4405 415 4454 21
434 4397 612 4472 προάστειον
630 4399 702 4454 ΡΗΒ
795 4404 826 4456 28
844 4394 972 4468 άξίωνΡ
1076 4403 1108 4456 31
1128 4392 1194 4456 οἶόν
1216 4418 1249 4456 τε
1271 4413 1321 4468 pro
1346 4396 1465 4458 οίονται

204 4482 281 4538 Um.
300 4498 341 4551 pr.
