3068 5160
681 325 817 382 ORATIO
838 325 885 381 ΧΙ.
1348 328 1406 389 121

151 496 288 583 μάζειν,
325 501 405 575 τοδς
438 497 475 563 δὲ
508 501 613 575 θεοὺς
645 502 741 586 Σῆμα
822 496 859 561 δέ
880 519 955 561 τινα
979 502 1046 586 πρδ
1063 510 1122 588 της
1138 500 1281 581 πόλεως,
1305 505 1408 566 Βατί-

106 602 320 689 λδΜνρίνης.
356 603 437 687 περὶ
459 600 494 665 δέ
510 610 572 664 τοῦ
585 610 744 683 ποταμοῦ
820 621 893 662 ειαν
917 597 1163 683 ὀνομαζόμενον
1187 613 1277 690 σῆμα
1297 606 1407 690 Μυρί-

153 707 291 792 φράσας
305 708 387 791 ἠμῖν
402 707 456 767 δτι
472 706 510 766 οῦ
525 703 742 790 Σκάμανδρος
820 723 887 786 νης.
911 706 949 764 τὸ
974 701 1009 766 δέ
1030 702 1124 784 μῶλυ
1141 707 1248 768 είπδν
1263 709 1358 782 ὅπως
1375 711 1408 769 οἱ

151 803 238 869 ἀλλὰ
252 800 396 882 Ξάνθος
412 803 542 888 λέγοιτο
559 808 653 892 παρά
669 812 742 882 τοῖς
820 804 899 866 θεοί
930 802 1098 888 λέγουσιν,
1129 798 1240 870 οδκέτι
1266 811 1406 894 προστί-

152 908 264 986 θεοῖς,
287 909 390 984 αῦτδς
413 909 521 984 οὕτως
540 907 602 995 ἤδη
620 912 743 984 ἐντοῖς
776 918 791 968 ί
819 907 907 990 θησι
930 909 967 967 τδ
991 910 1085 993 παρά
1109 914 1182 984 τοῖς
1204 910 1407 996 ἀνθρώποις

150 1010 273 1073 ἔπεσιν
302 1005 478 1091 ὀνομάζει,
508 1013 555 1086 ὡς
579 1013 616 1073 οδ
638 1015 741 1092 μόνον
819 1009 940 1088 ὄνομα·
963 1011 1019 1071 καί
1041 1012 1099 1072 τὸν
1123 1013 1277 1091 ποταμὸν
1300 1013 1407 1076 είπὼν

150 1108 228 1190 ἐξδν
260 1109 351 1195 αὐτῷ
380 1114 442 1189 τάς
464 1110 569 1188 ἄλλος
591 1111 741 1196 γλώττας
818 1113 872 1173 δτι
888 1102 926 1172 οὐ
939 1108 1157 1196 Σκάμανδρος
1168 1109 1252 1174 ἀλλά
1264 1107 1405 1189 Ξάνθος

149 1216 303 1296 μιγνιίειν
325 1216 387 1290 τάς
409 1221 477 1277 τῶν
492 1206 662 1301 Ἑλλήνων,
685 1218 742 1278 καί
819 1208 1019 1293 ὀνομάζοιτο
1043 1206 1128 1298 παρ’
1148 1207 1274 1292 αὐτοῖς,
1300 1217 1406 1291 οὕτως

150 1317 238 1378 ποτὲ
271 1317 334 1396 μὲν
368 1312 546 1395 αἰολίζειν,
584 1320 669 1380 ποτέ
704 1316 740 1381 δὲ
818 1312 880 1399 ἤδη
912 1317 947 1376 ἐν
976 1320 1049 1389 τοῖς
1073 1316 1173 1378 ἔπεσι
1192 1326 1329 1403 χρῆται,
1360 1320 1407 1393 ὡς

151 1412 318 1503 δωρίζειν,
347 1421 433 1481 ποτὲ
457 1416 492 1481 δὲ
516 1415 632 1498 ίάζειν,
656 1417 741 1482 άλλά
771 1427 799 1478 1⁰
820 1413 895 1493 ἐξδν
926 1409 1033 1499 αὐτῷ,
1062 1420 1106 1504 μη
1130 1421 1234 1498 μόνον
1256 1421 1317 1494 τάς
1339 1428 1406 1483 τῶν

147 1520 207 1582 καί
229 1516 345 1583 διαστὶ
368 1518 600 1604 διαλέγεσθαι.
635 1530 739 1584 ταῦτα
815 1509 975 1604 Ἑλλήνων
1000 1521 1116 1605 φωνάς
1138 1524 1298 1603 μιγνύειν,
1321 1520 1406 1608 μηδὲ

151 1618 189 1685 δέ
210 1642 273 1703 μοι
285 1622 427 1709 εἴρηται,
452 1625 568 1709 ὥσπερ
588 1620 626 1710 δη
643 1624 739 1709 ἔφην,
818 1625 891 1694 τοῖς
923 1618 1057 1706 σφόδρα
1080 1624 1236 1707 ἀρχαίοις
1256 1619 1405 1707 <μόνον>,

151 1724 190 1785 οὐ
211 1727 416 1810 κατηγορίας
438 1729 561 1804 ἐνεκεν,
586 1715 661 1788 ἀλλ’
688 1729 741 1788 δτι
819 1719 903 1784 ἀλλά
933 1725 989 1785 καί
1018 1729 1091 1799 τοῖς
1118 1721 1309 1805 δαιμονίοις
1328 1737 1406 1814 χρη.

150 1822 391 1910 ἀνδρειότατος
449 1829 647 1912 ἀνθρώπων
701 1825 740 1913 ην
820 1825 907 1886 σθαι
943 1826 1103 1904 ὀνόμασι,
1139 1830 1196 1890 καί
1231 1831 1315 1890 ποτὲ
1344 1833 1405 1908 μέν

152 1929 241 2013 πρὸς
276 1930 315 1991 τὸ
350 1926 478 2012 ψεῦδος
503 1922 651 2016 Ὅμηρος
684 1932 741 1993 καί
772 1938 799 1989 15
822 1922 1013 2002 αἰολίζοντα
1043 1930 1127 1989 ποτὲ
1152 1926 1187 1990 δὲ
1211 1926 1405 2015 δωρίζοντα,

151 2029 258 2093 οδθέν
286 2029 387 2117 ἦττον
416 2032 559 2117 ἐθάρρει
587 2033 644 2093 καί
669 2033 740 2093 ἐσε-
820 2026 923 2090 πάλιν
954 2027 989 2090 δὲ
1014 2024 1150 2105 ἰάζοντα
1174 2028 1405 2114 διαλέγεσθαι,

148 2134 293 2212 μνιίνετσ
326 2133 386 2196 ἐπὶ
420 2131 467 2215 τῴ
496 2130 693 2216 ψεύδεσθαι
720 2134 739 2217 ἢ
819 2125 990 2214 [καθάπερ
1010 2130 1107 2211 οἶμαι
1122 2129 1404 2220 θετταλίζονταῆ

104 2230 200 2317 Μτῷ
229 2230 364 2321 τάληθῆ
395 2231 511 2317 λέγειν.
564 2237 651 2296 οὕτω
680 2237 741 2315 μὲν
818 2224 1031 2317 κρητίζοντα,
1062 2237 1167 2297 οἱονεί
1195 2239 1254 2322 την
1281 2238 1406 2321 ἀγοράν

150 2334 218 2421 γὰρ
240 2343 409 2400 σκοποῦσι
430 2338 520 2400 πάνυ
545 2337 667 2421 σμικρά
686 2338 742 2398 καί
818 2332 930 2397 ἐκάλει
953 2332 1081 2416 λιμένα,
1107 2335 1286 2400 Θετταλῶν
1309 2340 1406 2401 ἀκού-

149 2434 266 2520 δλίγοο
299 2435 379 2515 άξια
415 2441 590 2525 φαίνεται,
626 2441 647 2501 ά
676 2441 739 2521 ἐγώ
768 2453 796 2503 20
820 2431 902 2522 σας]
937 2446 1041 2500 ταῦτα
1056 2435 1094 2500 δέ
1107 2459 1168 2519 μοι
1183 2439 1324 2525 εἴρηται,
1342 2443 1406 2503 ὥσ-

149 2560 243 2625 φημι
265 2540 366 2602 αὐτὸν
387 2542 572 2622 ἐψεῦσθαι.
611 2540 659 2624 τῴ
678 2543 739 2626 γάρ
819 2558 883 2622 περ
914 2536 976 2624 ἤδη
1008 2542 1111 2626 ἔφην,
1143 2533 1180 2603 οὐ
1204 2546 1406 2627 κατηγορίας

149 2644 226 2716 ίντι
251 2641 457 2726 ἀνθρώπινα
480 2646 663 2726 ψεύσματα
685 2646 742 2706 καί
818 2643 940 2718 ἐνεκεν,
975 2634 1051 2702 ἀλλ’
1084 2645 1137 2704 δτι
1167 2641 1405 2727 ἀνδρειότατος

151 2740 229 2805 λίαν
263 2744 400 2806 πιθανά
438 2748 526 2830 πρδς
555 2746 657 2809 θείαν
685 2749 742 2810 καί
817 2737 856 2826 ἦν
886 2743 1082 2828 ἀνθρώπιον
1105 2747 1193 2828 πρὸς
1215 2748 1253 2807 τὸ
1277 2744 1405 2827 ψεῦδος

149 2847 323 2932 ἀμήχανον
346 2849 459 2932 φύσιν.
810 2836 958 2930 Ὅμηρος
979 2847 1035 2908 καί
1058 2837 1117 2925 οὐχ
1139 2846 1239 2932 ἦττον
1263 2847 1405 2932 ἐθάρρει

767 2958 795 3008 25
816 2950 873 3010 καί
900 2950 1097 3028 ἐσεμνύνετο
1127 2949 1186 3010 ἐπί
1213 2946 1260 3031 τῷ
1284 2947 1405 3032 ψεύδε-

819 3052 937 3135 σθαιῆ
954 3047 1001 3132 τῴ
1014 3047 1147 3136 τάληθῆ
1163 3047 1279 3133 λέγειν.
1316 3044 1403 3114 οὕτω

817 3154 878 3237 γάρ
911 3159 1096 3214 σκοποῦσιν
1128 3144 1226 3215 οὐδὲν
1250 3155 1302 3216 ἔτι
1325 3156 1404 3239 γαί-

817 3276 910 3317 νεναι
933 3251 1129 3338 παράδοξον
1153 3247 1231 3316 οὐδὲ
1256 3257 1404 3317 άπιστον

816 3363 883 3417 τῶν
898 3347 960 3416 ὑπ’
976 3357 1060 3435 ἐμοῦ
1071 3354 1301 3437 δεικνυμένων,
1319 3354 1402 3418 άλλά

766 3467 795 3517 30
819 3459 940 3542 σμικρά
975 3459 1032 3519 καί
1065 3459 1268 3541 ἀνθρώπεια
1299 3461 1403 3539 ψεύσ-

816 3579 906 3638 ματα
930 3560 1017 3643 πρὸς
1040 3559 1122 3620 θεῖα
1144 3561 1200 3621 καὶ
1221 3556 1359 3641 μεγάλα.

221 3813 435 3886 κλμορρίνησ
452 3811 500 3866 VT
589 3802 657 3868 3013
675 3805 741 3878 ξάν-
885 3806 1093 3881 λείβάντειαν
1110 3806 1157 3861 ΒΤ
1175 3807 1296 3880 βατείαν
1314 3806 1338 3862 U
1354 3803 1406 3880 βά·

150 3905 212 3957 θοο
230 3892 304 3958 ἆλλδι
330 3893 517 3971 σκάμανδροσ
539 3895 618 3963 libri,
647 3897 681 3952 cf.
700 3912 739 3952 or.
818 3893 933 3950 τειανΜ
969 3889 1183 3965 ίμυῤῥίνηςΒΤ
1219 3891 1379 3948 3οδ.κ305

148 3984 176 4040 Χ
188 3988 222 4039 23
240 3983 321 4040 Hom.
334 3983 365 4039 Il.
379 3983 404 4039 Y
417 3987 450 4037 74
502 3989 517 4038 ὅ
531 3973 627 4040 οδτωσ
638 3982 671 4048 Τ,
690 3997 741 4039 om.
820 3984 850 4033 13
865 3975 1031 4052 χρήσασθαι
1043 3977 1090 4030 ΒΤ
1146 3981 1177 4031 14
1197 3967 1371 4046 δνδμασινΰ

151 4069 235 4127 ceteri
289 4072 303 4124 8
315 4065 431 4142 μηνίειν
442 4068 467 4125 V
521 4072 551 4123 11
565 4069 656 4124 διαοτί
668 4066 741 4121 Rho·
820 4069 850 4118 17
861 4060 998 4138 καθάπερ
1009 4095 1039 4102 -
1050 4057 1178 4128 οἷκούσας
1187 4061 1299 4118 seclusit
1308 4062 1371 4119 wil.

150 4153 318 4220 dommus,
349 4153 425 4212 ἰαστί
447 4153 510 4208 libri
538 4156 641 4221 (θεϊοτί
670 4167 740 4207 corr.
820 4152 851 4204 ²3
869 4140 904 4219 ἦν
922 4142 1088 4222 ἄνθρωπον
1108 4164 1160 4203 om.
1179 4146 1227 4201 UT

150 4253 207 4294 rec.
231 4240 267 4308 V)
369 4245 401 4298 2³
426 4236 548 4315 πρὸς·
566 4230 652 4311 φύσιν
681 4251 740 4291 cor·

152 4330 249 4396 1¹¹th
294 4327 384 4396 potuit
430 4341 504 4381 esse:
555 4320 630 4396 πρὸς
673 4328 740 4379 θεῖα

151 4414 202 4468 καί
236 4402 387 4484 άμῆχανον
426 4410 598 4483 περιέχοντα
637 4401 741 4476 άλαζο-

152 4499 235 4554 κείαν
