3068 5160
0 261 30 318 ’4
450 255 573 312 DIONIS
591 254 642 309 DE
661 255 787 311 REGNO

0 432 141 496 λόντων
162 434 181 517 ή
205 432 247 493 τά
271 427 469 515 προπύλαια
494 439 554 516 τής
579 427 796 514 ἀκροπόλεως
816 431 873 492 καὶ
900 430 938 490 τό
961 419 1155 506 Ὀλύμπιον
1185 428 1257 490 ἀπὸ

0 533 161 597 ’λειόνων
183 535 202 618 ἢ
227 534 355 616 μυρίων
377 530 559 594 ταλάντων.
608 531 744 608 Οὐκοῦν,
766 527 788 615 ἦ
811 522 844 592 δ’
876 530 914 604 δς
937 532 955 590 ό
979 525 1184 605 Φίλιππος,
1209 531 1257 592 ἐν·

13 638 105 699 αῦθα
127 639 186 698 τόν
199 628 347 720 Ὅμηρον
370 635 428 695 οὐκ
456 636 497 696 ἀν
525 635 615 712 ἔχοις
637 635 799 695 έπαινεῖν.
849 632 891 693 τά
919 632 981 715 γάρ
1009 638 1073 692 τοῦ
1097 622 1256 693 Ἀλκίνου

0 736 166 815 ασίλεια,
197 733 319 821 ἀνδρὸς
339 729 497 820 Ἕλληνος
524 737 580 798 καί
609 737 789 819 νησιώτου,
823 731 1043 818 διεκόσμησεν
1074 733 1115 794 οά
1151 735 1258 812 μόνον

35 860 117 914 ποις
137 841 194 901 καί
217 843 338 924 φυτοῖς
358 839 415 900 καὶ
436 835 567 913 ὕδασιν,
591 839 637 911 ώς
658 834 780 921 ήδιστα
804 838 954 911 ἐνοικεῖν,
978 832 1063 897 ἀλλά
1078 837 1142 898 καὶ
1157 833 1289 918 ἀγάλ-5

6 959 80 1005 ιασι
98 946 246 1026 χρυσοῖς.
285 942 336 1002 ἔτι
360 937 395 1002 δὲ
417 936 543 1019 μᾶλλον
559 941 618 1023 τήν
641 946 702 1000 τοῦ
715 935 893 1000 Μενελάου
910 935 1050 1022 οἴκησιν,
1073 939 1259 1001 καὶταῦτα

0 1046 65 1106 >πό
96 1044 273 1127 στρατείας
295 1044 448 1127 ἥκοντος,
477 1031 534 1123 ἀρ’
567 1041 605 1100 οό
633 1041 803 1125 Περσικήν
830 1060 905 1101 τινα
933 1041 989 1102 καὶ
1011 1037 1180 1127 Μηδικήν
1211 1039 1261 1118 ἐξ·

0 1151 136 1231 ηχεῖται,
161 1142 279 1225 σχεδόν
300 1165 337 1206 τε
360 1145 398 1204 οὐ
422 1139 510 1204 πολὺ
527 1139 742 1203 ἀποδέουσαν
757 1139 986 1225 Σεμιράμιδος
1007 1143 1204 1227 ήΔαρείου
1228 1165 1261 1206 τε

0 1251 51 1310 αὶ
72 1243 200 1331 Ξέρξου
224 1253 291 1306 τῶν
313 1241 512 1326 βασιλείους
537 1245 622 1328 φησί
643 1251 730 1325 χοῦν,

152 1350 238 1409 ὥστε
261 1347 323 1429 χάρ
346 1343 459 1430 ήελίου
484 1343 580 1430 α’ίχλη
605 1342 706 1406 πέλεν
728 1346 766 1429 ήὲ
792 1341 931 1429 σελήνης

150 1447 246 1527 δῶμα
267 1439 353 1509 καθ’
379 1448 551 1532 ὑψερεφές
573 1444 751 1509 Μενελάου
772 1443 972 1526 κυδαλίμοιο

148 1556 276 1635 χρυσοῦ
296 1538 328 1611 τ’
354 1546 513 1634 ἠλέκτρου
535 1569 572 1612 τε
593 1551 650 1612 καὶ
671 1549 815 1633 ἀργύρου
837 1540 894 1633 ηδ’
919 1544 1115 1634 ἐλέφαντος.

20 1657 71 1727 οῖς
93 1653 155 1734 χάρ
182 1655 348 1736 Τρωικοῖς
371 1648 505 1726 σκύλοις
528 1653 625 1737 ἐχρῆν
646 1647 772 1731 μᾶλλον
802 1647 948 1730 λάμπειν
972 1651 1052 1712 αὐτὸ
1075 1652 1096 1735 ἢ
1121 1653 1264 1726 τούτοις

0 1757 82 1816 Ιατά
104 1773 141 1835 χε
162 1756 222 1839 τήν
246 1756 306 1839 σήν
322 1750 485 1815 διάνοιαν.
524 1755 615 1815 καλό
633 1742 853 1836 Ἀλέξανδρος
871 1754 1030 1831 ἐπισχών,
1058 1751 1130 1814 Οόκ
1147 1754 1263 1835 ἔχωχε,

18 1855 86 1933 ἷπε,
109 1857 168 1917 τόν
183 1847 330 1940 Ὅμηρον
353 1857 466 1916 ἐάσειν
488 1875 549 1934 μοι
572 1852 658 1915 δοκῶ
683 1853 953 1939 ἀναπολόγητον·
978 1853 1061 1929 ἴσως
1083 1855 1151 1939 γάρ
1178 1858 1265 1940 πρὸς
1285 1863 1304 1912 Ιι

21 1960 57 2020 όν
86 1965 147 2019 τοῦ
174 1954 353 2018 Μενελάου
382 1959 510 2040 τρόπον
539 1958 682 2041 ἐποίησε
711 1957 753 2018 τά
776 1954 949 2037 βασίλεια,
979 1960 1016 2019 όν
1043 1973 1133 2041 φησι
1158 1962 1265 2038 μόνον

1 2057 90 2121 εἶναι
118 2066 185 2120 τῶν
211 2049 354 2137 Ἀχαιῶν
381 2054 560 2137 μαλθακόν
589 2060 761 2143 αἰχμητήν.
816 2056 932 2136 σχεδόν
964 2059 1026 2142 χάρ
1057 2059 1117 2120 οὖν
1154 2061 1265 2122 ἔοικεν

3 2157 79 2221 οὐδὲ
106 2166 173 2220 τῶν
203 2156 313 2220 ἀλλων
343 2157 438 2222 οὐδὲν
466 2163 575 2245 μάτην
606 2163 625 2221 ό
647 2162 793 2245 ποιητής
820 2158 918 2234 οὗτος
941 2157 1063 2241 λέγειν,
1094 2157 1187 2223 ἀλλά
1210 2163 1266 2224 καί

4 2258 124 2346 στολήν
145 2260 203 2320 καὶ
225 2258 355 2343 οίκησιν
376 2263 433 2323 καί
456 2259 589 2323 δίαιταν
613 2265 700 2345 πρός
722 2264 760 2322 τό
776 2269 843 2322 τῶν
858 2263 1053 2347 ἀνθρώπων
1068 2258 1164 2347 ἦθος
1181 2262 1265 2325 πολ-

4 2359 98 2436 λάκις
120 2355 304 2435 ἀπεικάζει.
344 2359 400 2422 διά
423 2371 522 2424 τοῦτο
545 2364 587 2423 τά
609 2366 670 2442 μέν
693 2366 727 2424 έν
752 2359 880 2438 Φαίαξι
901 2361 1057 2444 βασίλεια
1073 2365 1266 2450 ἐκόσμησεν
1286 2375 1304 2426 2

5 2461 125 2525 ἀλσεσί
147 2483 182 2524 τε
204 2464 261 2524 καὶ
276 2464 430 2544 όπώραις
447 2453 493 2525 δι’
514 2465 609 2538 ἔτους
622 2467 679 2525 καὶ
692 2467 829 2548 κρήναις
845 2467 989 2542 ἀενάοις,
1013 2464 1117 2528 ἔτιδὲ
1133 2465 1265 2547 μᾶλλον

3 2567 41 2626 τό
72 2573 130 2651 τῆς
153 2561 355 2646 Καλυψοῦς,
386 2566 444 2626 άτε
467 2567 596 2649 ὡραίας
617 2568 673 2627 καὶ
703 2563 954 2651 φιλανθρώπου
976 2568 1076 2644 θεοῖς,
1105 2570 1141 2630 ἐν
1169 2571 1262 2655 νήσῳ
1277 2582 1304 2632 (m

3 2658 86 2728 καθ’
113 2668 215 2752 αὑτήν
238 2667 492 2751 ἀπῳκισμένης·
515 2675 614 2728 τοῦτο
637 2669 698 2747 μὲν
720 2669 781 2752 χάρ
799 2667 905 2752 εὐώδη
927 2666 1160 2754 διαφερόντως
1178 2673 1266 2756 φησί

4 2772 63 2855 τήν
85 2778 187 2855 νήσον
202 2775 269 2830 τῶν
284 2765 431 2852 ήδίστων
452 2771 487 2830 έν
504 2770 587 2852 αὐτῇ
602 2764 825 2850 (καιομένων)
839 2771 1076 2850 θυμιαμάτων,
1099 2779 1204 2834 τοῦτο
1230 2771 1265 2834 δὲ

7 2874 142 2933 σύσκιον
167 2867 319 2952 δένδροις
347 2866 526 2946 εὐθαλέσι,
555 2867 660 2952 κύκλῳ
687 2869 722 2932 δὲ
746 2874 825 2955 περὶ
846 2875 884 2934 τό
910 2870 1078 2957 σπήλαιον
1106 2872 1304 2952 ἀμπελονν.Ι

7 2974 233 3056 περιήκουσαν
256 2973 394 3055 ὡραίαν,
417 2972 558 3054 βότρυσι
579 2973 797 3058 βριθομένην,
821 2975 1019 3058 ἔμπροσθεν
1042 2971 1078 3036 δέ
1096 2971 1267 3056 λειμῶνας

8 3069 161 3146 ἁπαλοὺς
180 3069 303 3150 ἀναμίξ
320 3069 459 3134 σελίνων
473 3093 510 3134 τε
524 3075 580 3136 καὶ
596 3078 728 3158 ἐτέρων,
744 3077 779 3137 ἐν
800 3073 835 3137 δὲ
849 3075 896 3156 τῷ
908 3081 1000 3158 μέσην
1011 3079 1136 3162 κρήνας
1148 3083 1266 3141 τέττα-

94 3276 166 3364 Ιτδ
180 3301 359 3376 όλὺμπιονΡ
408 3299 582 3376 Ὀλυμπιεῖον
600 3308 681 3363 Dind.
722 3311 832 3409 ³3an
849 3311 944 3366 om.U
999 3307 1215 3383 4νησιότουΠ

8 3440 235 3514 όιεκόσμῖοενθί
286 3441 387 3514 μόνωσ
405 3443 427 3496 Ρ
481 3448 495 3498 8
514 3439 618 3515 σχεδὸν
631 3463 654 3499 2:
673 3410 712 3500 τεο
714 3413 796 3501 1όιολυ
813 3445 876 3509 (εἰσί
895 3451 958 3500 ante
976 3467 1007 3504 τε
1024 3447 1053 3502 in
1070 3449 1156 3504 litura
1168 3465 1267 3517 agnon·

10 3531 81 3584 citur
100 3525 143 3594 οὖν
155 3529 177 3582 Ρ
191 3526 294 3601 σχεδόν
306 3551 338 3587 τε
350 3525 423 3586 πολὺ
436 3535 498 3596 (om.
512 3525 556 3596 ου’)
569 3531 604 3584 W
617 3533 720 3600 σχεδον
732 3551 779 3587 ται
790 3531 815 3585 V
859 3526 1040 3604 ἀποδεοόσηο
1052 3533 1086 3587 W
1132 3531 1266 3607 σεμειρά·

8 3623 92 3688 μιδοσ
108 3616 184 3673 UBV
201 3617 314 3685 δερείου
329 3615 352 3668 Ρ
395 3619 410 3669 9
429 3618 488 3671 τών
505 3631 556 3668 om.
571 3615 645 3670 UBV
689 3619 747 3672 τῶν
765 3617 921 3687 βασιλείων
932 3617 1033 3672 Reiske
1050 3622 1109 3674 τῶν
1120 3620 1268 3692 βασιλέων

10 3705 80 3768 libri,
98 3702 171 3771 quod
189 3705 220 3756 ut
237 3700 369 3754 emblema
386 3700 501 3753 secludit
519 3699 581 3754 Wil.
636 3706 667 3755 10
687 3703 765 3756 Hom.
780 3703 829 3757 Od.
844 3707 912 3759 1545.
926 3707 968 3756 46.
988 3705 1020 3755 73
1073 3708 1101 3757 11
1116 3705 1268 3779 ὑψηρεφὲυ

10 3790 93 3846 VPW
154 3793 185 3842 12
204 3787 279 3842 teV
340 3789 371 3838 13
390 3777 476 3855 αὐτὴν
493 3784 552 3838 PW
614 3791 646 3840 14
664 3807 696 3843 τε
713 3801 762 3855 pro
780 3789 853 3858 χεΡ
916 3793 946 3843 17
964 3788 1042 3842 Hom.
1061 3789 1205 3845 ΙλΡ588
1250 3800 1254 3813 “

12 3878 43 3930 18
63 3869 78 3931 ὃ
98 3871 220 3944 ποιητήσ
238 3863 320 3926 οἰδὲν
336 3865 429 3940 μάτην
446 3870 539 3940 λέγειν
558 3860 680 3927 οὗτοσΡ
698 3872 755 3937 (sed
772 3873 844 3940 vulg.
863 3874 928 3927 ordo
949 3873 1067 3927 numeris
1084 3873 1266 3940 significatur)

11 3953 92 4018 οὐδὲν
111 3953 127 4016 δ
145 3949 268 4028 ποιητὴσ
286 3945 374 4012 οὗτοσ
391 3951 483 4026 μάτην
506 3955 598 4027 λέγειν
615 3957 651 4011 W
738 3948 834 4014 οότωσ
851 3958 899 4012 UB
992 3961 1023 4010 20
1042 3951 1222 4027 οἷπεικάζειει
1242 3959 1266 4014 U

11 4081 148 4144 (fuit-sav
165 4091 182 4130 a
199 4091 234 4129 m.
253 4078 305 4142 pr.)
398 4077 426 4126 21
455 4060 536 4130 ἀλόω
554 4075 665 4141 (εἰσήΡ
752 4070 881 4148 ἢάίοτοισ
898 4080 957 4143 (pro
975 4070 1008 4132 δι’
1026 4071 1121 4140 ἔτουο)
1140 4076 1188 4130 UB

11 4162 124 4235 κρίναισ
141 4161 177 4215 W
255 4153 390 4216 οἶεννάοισ
402 4158 486 4212 VPW
584 4164 615 4212 22
634 4157 669 4216 τά
688 4176 737 4229 pro
756 4157 791 4216 τὸ
811 4176 880 4215 corr.
900 4159 924 4213 V
1022 4164 1054 4214 24
1072 4161 1267 4231 (καιομένων)

13 4248 74 4301 add.
94 4246 157 4299 Wil.
254 4249 285 4298 25
304 4238 454 4302 εόθαλὲσιν
473 4244 495 4298 U
582 4245 611 4302 δὲ
629 4242 663 4303 τὰ
683 4250 749 4316 περὶ
767 4243 800 4302 τὸ
822 4245 868 4300 UB
964 4250 995 4300 27
1013 4248 1061 4301 καί
1080 4242 1188 4316 ἑτέρων
1212 4262 1264 4300 om.

13 4331 86 4468 gVBlV
104 4331 193 4386 scribe
209 4334 258 4386 καί
275 4327 343 4469 ίήρργ
345 4345 379 4384 ex
397 4330 474 4386 οό.ε
494 4333 526 4384 72
544 4328 590 4386 ίου
607 4324 654 4402 ήόὲ
673 4333 788 4388 σελίνου
806 4347 865 4385 cum
878 4331 979 4397 Geelio,
996 4329 1184 4401 (φυομένων)
1202 4331 1265 4385 add.

50 4414 76 4466 i.
162 4416 267 4484 κρίνασ
