3068 5160
215 305 276 365 228
675 301 797 358 DIONIS
816 300 1005 358 RHODIAOA

214 488 280 542 τῶν
303 482 419 558 τάχιον
442 482 681 564 τετιμημένων,
705 480 758 539 ότι
779 481 899 561 μηκέτι
919 473 1067 562 μηδεμία
1080 475 1178 560 χρεία
1197 480 1267 536 τοῦ
1289 480 1405 554 τιμᾶν
1421 478 1485 536 τινά

214 584 322 658 ἐστιν,
345 583 364 666 ἢ
388 582 582 643 τούναντίον
606 577 648 640 ού
667 581 726 665 τὴν
749 581 908 663 μεγίστην
936 580 1041 663 φασίν
1063 576 1152 639 εἶναι
1173 583 1216 662 τῇ
1241 573 1357 640 πόλει
1379 578 1486 661 χρείαν

165 687 205 750 32
217 685 274 746 καί
296 686 383 768 πρὸς
406 681 567 757 πλείονας
590 683 688 767 νῦνῆ
712 684 888 766 πρότερον,
911 689 1010 742 τοῦτο
1035 675 1241 760 διαβάλλειν.
1383 680 1487 741 καίτοι

215 787 262 867 μά
278 788 336 848 τόν
351 787 420 848 Δία
435 787 492 847 καί
514 786 592 858 τούς
609 784 714 857 θεούς
737 774 811 844 οὐδ’
837 783 867 843 εἰ
890 783 949 867 την
972 782 1145 866 ἀνωτάτην
1165 782 1272 864 χάριν
1298 781 1388 861 ύμῖν
1413 777 1488 858 έξειν

216 885 356 968 ἐμελλον
379 889 413 949 οί
436 885 612 961 δοκοῦντες
634 893 690 947 νῦν
713 892 780 946 τῶν
803 885 941 946 εἰκόνων
963 885 1135 965 τυγχάνειν
1152 884 1210 945 καί
1227 879 1382 968 σφόδρα
1400 885 1508 946 ἐπαιί

216 994 325 1052 νέσειν
348 993 406 1052 τόν
430 987 551 1075 δῆμον,
580 979 654 1049 οὐδ’
681 989 787 1061 ούτως
810 988 906 1070 ἐχρῆν
930 986 1010 1046 αύτό
1035 986 1224 1068 γίγνεσθαι.
1275 986 1320 1046 τό
1345 986 1417 1070 γάρ
1440 989 1489 1066 μί-

215 1112 273 1155 νον
296 1086 405 1175 ζητεῖν
428 1089 465 1168 ἐξ
488 1091 533 1153 ὥν
556 1093 597 1153 ἀν
619 1111 672 1164 τις
699 1091 821 1173 ἀρέσαι
843 1087 918 1149 τινά
948 1089 1098 1172 ποιήσας
1125 1089 1181 1150 καί
1210 1089 1489 1170 προσαγάγοιτο,

216 1195 248 1256 εἰ
272 1185 304 1254 δ’
338 1190 440 1255 ἀλλον
468 1193 505 1254 δν
536 1194 573 1253 ού
597 1200 765 1277 προσῆκεν
792 1187 946 1275 ἀδικήσει
968 1197 1067 1251 τοῦτο
1092 1196 1202 1251 ποιῶν
1225 1189 1245 1273 ἢ
1272 1185 1444 1250 καθόλου
1464 1210 1490 1250 τι

216 1298 260 1380 μὴ
286 1291 363 1357 δέον
386 1291 511 1380 πράξει
531 1296 575 1379 μη
602 1298 751 1369 σκοπεῖν,
777 1293 852 1354 ούτε
873 1293 921 1371 μά
944 1293 1023 1366 τούς
1044 1292 1150 1366 θεούς
1171 1287 1384 1374 ἐλευθέρων
1409 1292 1490 1352 ἐστίν

217 1396 414 1480 ἀνθρώπων
440 1397 515 1458 οότε
537 1397 683 1480 μετρίων
705 1397 743 1456 τό
766 1391 864 1478 ἦθος.
905 1391 1014 1468 ούδείς
1035 1394 1097 1478 γάρ
1118 1390 1194 1454 ούδέ
1211 1399 1285 1454 τῶν
1312 1396 1415 1455 πάνυ
1439 1402 1515 1454 πολ

217 1503 326 1580 νηρῶν
350 1499 570 1581 προαιρεῖταί
592 1518 626 1557 τι
650 1494 789 1582 φαῦλον,
814 1497 832 1557 δ
855 1499 899 1582 μη
919 1501 1103 1581 συμφέρειν
1120 1492 1228 1576 ἐαυτῷ
1247 1489 1397 1575 νομίζει
1414 1496 1491 1580 πρὸς

218 1601 257 1660 τό
275 1602 395 1682 παρόν,
419 1587 494 1659 ἀλλ’
521 1599 613 1659 ἐστιν
630 1599 710 1660 αύτό
729 1605 828 1659 τοῦτο
852 1603 871 1682 η
895 1598 1068 1682 μοχθηρία
1092 1599 1130 1658 τό
1152 1593 1300 1680 κέρδους
1326 1600 1431 1660 ἕνεκα
1446 1598 1490 1658 καί

217 1702 333 1783 χρείας
365 1698 508 1785 μηδενός
543 1701 684 1785 αἰσχροῦ
709 1698 794 1785 μηδὲ
824 1697 941 1761 ἀδίκου
973 1701 1171 1783 πράγματος
1199 1699 1491 1786 ἐπιστρέφεσθαι

217 1800 302 1887 μηδὲ
331 1798 522 1889 φροντίζειν
551 1807 652 1864 ποῖον
681 1805 720 1864 τό
750 1805 959 1884 γιγνόμενον,
990 1797 1075 1862 ἀλλά
1102 1803 1205 1880 μόνον
1238 1801 1270 1861 εἰ
1306 1798 1491 1876 λυσιτελές.

169 1908 209 1972 33
220 1906 337 1967 ούκοῦν
362 1908 380 1966 ό
403 1907 460 1967 τόν
482 1907 543 1985 μὲν
566 1908 719 1989 παρόντα
749 1906 969 1988 θεραπεύων,
1002 1900 1172 1986 ὀλιγωρῶν
1202 1898 1239 1962 δὲ
1270 1911 1344 1965 τοῦ
1366 1905 1517 1966 θάττονί

219 2004 339 2092 φίλου,
362 2010 418 2070 καί
440 2017 500 2094 τῆς
521 2009 582 2087 μέν
605 2011 822 2092 γεγενημένης
842 2008 958 2090 χρείας
980 2001 1263 2089 ἐπιλελησμένος,
1296 2007 1366 2091 την
1392 1998 1424 2068 δ’
1449 2002 1492 2067 ἐλ·

219 2103 403 2193 πιζομένην
426 2107 595 2194 ὠφέλειαν
619 2111 699 2193 περί
721 2106 885 2170 πλείστου
908 2111 1130 2188 ποιούμενος,
1161 2097 1217 2190 ἀρ’
1245 2106 1311 2168 ούκ
1337 2106 1419 2173 ἴστε
1442 2108 1492 2195 ηο·

218 2229 311 2283 τινος
333 2213 487 2291 τυγχάνει
509 2213 741 2295 προσηγορίας
748 2233 760 2285 ,·
784 2211 821 2270 ού
844 2207 947 2286 κόλαξ
963 2212 981 2271 ό
996 2218 1151 2284 τοιοῦτος
1167 2203 1385 2289 όνομάζεται
1403 2211 1491 2294 παρά

219 2318 326 2372 πᾶσιν
333 2333 345 2386 ,·
369 2313 426 2372 ούκ
449 2314 596 2396 ἀγεννής,
621 2313 679 2373 ούκ
701 2315 850 2384 άπιστος
873 2308 971 2374 δοκεῖ
971 2334 983 2386 ,·
1070 2319 1126 2374 νῦν
1141 2313 1257 2374 τοίνυν
1282 2309 1371 2374 ούδὲ
1396 2320 1491 2375 τοῦτο

218 2414 450 2496 περιγίγνεται
472 2421 513 2497 τῇ
536 2410 646 2490 πόλει,
670 2416 708 2475 τό
732 2414 998 2496 θεραπεύεσθαί
1019 2435 1113 2488 τινας
1136 2415 1204 2475 ύπό
1221 2414 1335 2500 αύτῆς
1358 2417 1421 2478 καί
1442 2418 1521 2496 pte-²

217 2511 321 2596 γάλου
351 2517 443 2589 τινός
474 2513 615 2577 οἴεσθαι
643 2517 814 2596 τυγχάνειν
845 2513 890 2575 ὧν
921 2515 961 2576 ἀν
991 2516 1032 2576 τά
1062 2517 1211 2596 ὀνόματα
1235 2518 1489 2603 ἐπιγράφηται.

218 2617 414 2679 τούναντίον
435 2617 498 2700 γάρ
523 2614 779 2701 δυσχεραίνουσι
799 2617 855 2678 καί
877 2620 1072 2701 μέμφονται
1097 2609 1183 2702 παρ’
1210 2620 1354 2696 αὐτοῖς,
1388 2621 1421 2682 εἰ
1442 2619 1491 2680 καί

220 2726 400 2782 σιωπῶσιν
424 2716 544 2795 άλλως,
569 2721 793 2803 προσκρούειν
817 2719 855 2780 ού
870 2715 1041 2793 θέλοντες.
1079 2719 1098 2803 ἢ
1122 2722 1275 2800 νόμισμα
1298 2723 1371 2800 μὲν
1395 2720 1432 2785 εἴ
1448 2741 1489 2803 τφ

217 2816 420 2903 χαρίζοισθε
435 2818 604 2905 κίβδηλον,
629 2818 738 2895 οὐδεὶς
754 2822 794 2882 ἀν
810 2823 893 2883 έκάν
917 2818 1025 2901 λάβοι,
1048 2817 1176 2901 μᾶλλον
1193 2818 1229 2882 δὲ
1245 2823 1355 2907 ύβριν
1378 2829 1491 2910 ἡγοῖτο

219 2921 239 3003 ἢ
265 2917 393 3004 δωρεάν
416 2924 454 2983 τό
470 2925 680 3004 γιγνόμενον·
704 2925 803 3008 τιμὴν
821 2920 855 2984 δὲ
871 2920 1029 3008 κίβδηλον
1043 2924 1100 2985 καί
1113 2920 1218 3007 μηδὲν
1234 2924 1393 3003 ἔχουσαν
1408 2926 1524 3009 ύγιέςλ

47 3074 50 3078 ⁴
169 3027 210 3090 34
222 3017 371 3100 νομίζετε
396 3020 560 3102 δέχεσθαι
582 3027 661 3098 τούς
690 3032 766 3086 νοῦν
797 3025 952 3103 έχοντας;
982 3017 1057 3086 ἀλλ’
1090 3025 1148 3087 ἐὰν
1177 3027 1238 3105 μέν
1271 3027 1417 3115 οἰκέτην
1446 3047 1491 3102 τις

220 3119 397 3206 ἀλλότριον
420 3146 439 3208 η
466 3133 581 3200 σκεῦος
610 3123 791 3188 ἀποδῶται
813 3129 1028 3208 ψευσάμενος
1051 3128 1097 3200 ὡς
1123 3130 1261 3203 ἑαυτοῦ,
1297 3128 1446 3217 σφόδρα
1467 3133 1492 3192 έ-

221 3238 345 3297 καστος
368 3226 552 3306 ἀγανακτεῖ
568 3235 635 3291 τῶν
658 3233 892 3314 ἠπατημένων,
915 3229 972 3290 καὶ
989 3219 1201 3307 θαυμάζοιμ’
1220 3228 1273 3305 όν,
1299 3231 1334 3292 εἰ
1351 3235 1401 3320 μη
1421 3225 1493 3317 [θα-

223 3319 325 3409 νάτῳ]
348 3321 522 3411 ἐζημιοῦτε
544 3339 662 3394 τοῦτον
678 3333 790 3410 ύμεῖς·
815 3331 845 3391 εἰ
862 3318 894 3391 δ’
914 3326 1093 3415 ἀλλοτρίαν
1112 3350 1164 3403 τις
1180 3330 1295 3392 εἰκόνα
1311 3336 1377 3396 καί
1392 3331 1494 3420 μηδὲν

309 3616 320 3663 1
341 3607 459 3684 τάχειον
477 3613 507 3666 Μ
594 3617 609 3666 2
626 3611 688 3670 ἐστι
705 3614 727 3667 Β
807 3618 822 3668 3
841 3617 905 3682 post
922 3631 946 3668 v.
966 3614 1102 3678 πλείονας
1118 3612 1146 3666 in
1163 3611 1188 3666 U
1206 3612 1358 3682 quaternio
1379 3615 1495 3682 excidit3

223 3695 252 3749 in
278 3709 311 3749 ει
337 3695 420 3764 igitur
444 3697 575 3753 orationis
599 3703 691 3766 parte,
716 3712 785 3766 quae
809 3698 837 3751 in
855 3696 880 3752 U
899 3702 925 3750 et
943 3697 965 3750 T
984 3697 1060 3753 deest
1077 3712 1092 3752 ε
1109 3697 1192 3752 Laut.
1211 3697 1237 3751 E
1253 3699 1428 3757 varietatem
1445 3702 1497 3757 lec·

222 3779 305 3835 tionis
323 3780 463 3848 adnotavi,
485 3782 550 3836 item
569 3795 603 3835 ex
625 3782 710 3836 altero
735 3781 856 3851 exemplo
875 3781 990 3836 Parisini
1012 3785 1079 3836 2924
1097 3781 1133 3849 (J)
1236 3779 1394 3856 διαβάλλει
1412 3787 1431 3842 J

221 3860 339 3936 λῆμοο
357 3869 406 3922 καί
423 3867 455 3932 Β,
473 3861 546 3938 μὴν
624 3860 715 3922 Θεῖν’
735 3861 825 3923 ἀλλον
842 3865 890 3919 ΒΕ
985 3867 1135 3940 9παρέξει
1154 3862 1227 3940 μίγδν
1317 3873 1352 3923 12
1374 3875 1432 3930 τοῦ
1448 3886 1496 3941 pro

220 3944 255 4006 τὸ
274 3950 360 4005 altero
378 3951 413 4005 ίν
484 3955 514 4005 13
533 3954 586 4022 τῆσ
607 3952 747 4024 χρείασν
830 3954 860 4003 15
882 3944 1107 4024 ὀλιγοράνΜίν
1192 3958 1219 4006 17
1240 3945 1378 4025 ἀφιλίαν
1397 3957 1431 4010 Μ

220 4024 334 4105 ἦτινος
351 4034 385 4090 Jv
474 4039 504 4090 18
524 4029 540 4092 δ
559 4031 658 4108 γάρΒ
740 4040 771 4090 19
791 4029 898 4107 ἀγενίγσ
915 4036 981 4090 BEv
1059 4040 1091 4090 20
1110 4039 1286 4109 περιγίνεται
1305 4038 1400 4095 BEJv
1418 4061 1498 4114 περι-

219 4121 344 4192 γείνεται
362 4121 400 4187 Μ,
420 4136 492 4178 corr.
510 4121 591 4190 Emp.
675 4126 705 4175 21
727 4116 763 4179 ἀν
780 4137 833 4176 om.
853 4121 900 4175 ΒΕ
970 4116 1146 4195 ἐπιγράφητε
1163 4121 1212 4176 ΒΕ
1287 4126 1322 4178 22
1341 4127 1499 4200 όυσχεραί·

220 4223 318 4261 νουσιν
339 4206 373 4260 Jv
495 4212 527 4262 23
553 4204 630 4264 ἀλλω
656 4207 686 4261 Μ
807 4202 1001 4280 προσκρούειν
1024 4204 1229 4264 έθέλοντεσΒ
1353 4212 1392 4264 24
1414 4213 1500 4285 χαρί·

220 4292 321 4357 ζοισθε
344 4292 455 4360 scripsi,
479 4295 638 4366 χαρίζεσθε
662 4291 718 4348 ΜΕ
744 4293 918 4364 χαρίζεσθαι
942 4291 999 4347 BJv
1121 4285 1217 4358 ούθείς
1239 4293 1274 4350 Jv
1416 4301 1450 4352 25
1470 4296 1499 4354 όὲ

219 4377 321 4511 καίΙν.
388 4381 421 4430 26
440 4381 509 4434 νοῦν
527 4393 579 4432 om.
599 4378 633 4432 Jv
722 4376 836 4449 οἰκέτησ
854 4376 918 4432 JMv
1009 4380 1041 4430 27
1060 4369 1227 4434 ἀπάόωτεν
1317 4383 1350 4434 28
1369 4379 1498 4458 θανάτῳ

223 4473 322 4513 secum
