3068 5160
165 347 226 406 116
637 345 760 402 DIONIS
781 343 946 402 TROIANA

139 576 141 578 ,
163 525 304 601 τάχιστα
327 523 395 584 ὑπό
419 519 555 584 πολλῶν
577 528 644 584 τῶν
668 523 725 582 οὐκ
748 518 906 597 είδότων,
936 521 992 583 καί
1015 521 1053 582 οδ
1075 523 1179 601 μόνον
1200 539 1236 602 γε
1259 521 1328 582 ἀπὸ
1352 527 1416 582 τῶν

164 619 290 700 ἀλλων,
321 620 406 685 ἀλλά
434 626 490 686 καί
519 626 615 687 αὐτοί
646 615 710 709 ἀφ’
741 625 859 685 αὐτῶν.
906 624 944 684 τό
973 624 1034 701 μὲν
1057 623 1118 708 γάρ
1142 619 1274 707 ἀληθές
1296 625 1416 706 πικρόν

164 726 238 786 ἐστι
266 727 321 787 καί
344 723 445 810 ἀηδὲς
466 731 539 800 τοῖς
562 727 735 811 ἀνοήτοις,
764 726 803 786 τό
828 720 863 785 δέ
886 720 1015 805 ψεῦδος
1037 721 1135 806 γλυκδ
1157 725 1214 786 καί
1236 729 1414 809 προσηνές.

128 828 281 911 2ὥσπερ
311 826 408 908 οίμαι
435 829 490 888 καί
518 832 591 902 τοῖς
620 835 760 889 νοσοῦσι
788 827 829 887 τά
860 827 993 905 ὄμματα
1022 827 1061 887 τδ
1089 827 1151 904 μὲν
1179 832 1254 911 φῶς
1277 820 1416 911 ἀνιαρόν

164 930 260 1014 δρᾶν,
289 932 327 991 τό
352 926 388 991 δέ
414 932 532 1004 σκότος
555 927 686 991 ἀλυπον
708 930 764 990 καί
787 924 905 1013 φίλον,
936 929 994 989 οὐκ
1017 929 1081 989 ἐῶν
1103 924 1252 1008 βλέπειν.
1298 928 1318 1011 ἢ
1345 933 1417 1002 πῶς
1436 939 1447 987 5

164 1032 204 1092 ἀν
228 1029 319 1110 ἴσχυε
341 1032 382 1092 τά
406 1028 515 1116 ψεύδη
541 1028 705 1104 πολλάκις
728 1027 832 1091 πλέον
854 1036 921 1091 τῶν
944 1027 1095 1114 ἀληθῶν,
1119 1030 1150 1092 εἰ
1164 1031 1208 1115 μη
1227 1018 1275 1090 δι’
1295 1024 1416 1114 ήδονην

163 1134 254 1194 ἐνίκα
263 1155 275 1208 ,·
379 1129 534 1212 χαλεποῦ
554 1131 607 1209 δέ,
636 1135 682 1208 ὡς
705 1133 805 1218 ἔφην,
837 1133 933 1206 ὄντος
955 1138 1017 1192 τοῦ
1038 1127 1218 1208 διδάσκειν,
1242 1127 1290 1212 τῷ
1316 1133 1417 1194 παντί

160 1232 398 1319 χαλεπώτερον
421 1237 459 1296 τό
482 1232 751 1315 μεταδιδάσκειν,
775 1231 886 1310 ἀλλως
908 1255 945 1296 τε
967 1236 1047 1295 όταν
1070 1229 1177 1295 πολύν
1192 1253 1283 1307 τινες
1295 1235 1416 1316 χρόνον

164 1335 229 1398 ὦσι
251 1337 292 1397 τά
316 1333 425 1422 ψευδῆ
450 1337 628 1420 ἀκηκοότες
650 1337 706 1398 καί
727 1339 771 1422 μη
795 1339 898 1415 μόνον
922 1336 1018 1397 αάτοί
1040 1331 1307 1420 ἐξηπατημένοι,
1333 1332 1416 1396 ἀλλά

163 1440 218 1500 καί
249 1440 282 1499 οί
308 1444 453 1523 πατέρες
476 1440 585 1501 αὐτῶν
607 1440 663 1500 καί
686 1440 720 1498 οἱ
743 1440 887 1500 πάπποι
908 1439 964 1500 καί
988 1434 1104 1516 σχεδόν
1127 1439 1253 1512 πάντες
1277 1439 1311 1498 οί
1335 1441 1417 1522 πρό·
1438 1445 1456 1496 1(

131 1546 270 1623 3τερον.
311 1541 348 1600 οά
371 1543 433 1624 γάρ
456 1543 530 1602 ἐστι
552 1538 672 1625 ῥᾴδιον
694 1542 822 1600 τούτων
845 1535 1042 1624 ἀφελέσθαι
1064 1541 1123 1625 την
1147 1535 1258 1616 δόξαν,
1283 1529 1360 1600 οὐδ’
1378 1540 1417 1600 ἀν

164 1644 253 1704 πάνυ
276 1663 328 1717 τις
349 1639 510 1726 ἐξελέγχῃ.
548 1643 708 1726 καθάπερ
733 1640 829 1720 οἶμαι
851 1647 918 1702 τῶν
939 1640 981 1702 τά
997 1637 1229 1722 ὑποβολιμαῖα
1246 1637 1416 1725 παιδάρια

163 1743 370 1826 θρεψάντων
393 1740 543 1823 χαλεπόν
573 1745 713 1828 ὕστερον
736 1739 932 1828 ἀφελέσθαι
954 1740 1088 1828 τάληθῆ
1113 1738 1250 1824 λέγοντα
1274 1743 1296 1803 ἀ
1319 1762 1356 1824 γε
1383 1744 1417 1805 ἐν

163 1845 256 1928 ἀρχῇ,
281 1844 315 1907 εἴ
326 1868 378 1922 τις
395 1848 510 1921 αὐτοῖς
525 1848 683 1933 ἐφρασεν,
708 1846 766 1905 οὐκ
781 1846 822 1906 ἀν
838 1863 923 1905 ποτε
939 1841 1122 1906 ἀνείλοντο.
1158 1845 1245 1906 οὕτω
1263 1841 1299 1906 δέ
1316 1851 1416 1905 τοῦτο

164 1947 299 2031 ίσχυρόν
328 1950 420 2011 ἐστιν
453 1949 539 2010 ὥστε
568 1947 691 2012 πολλοί
720 1948 761 2009 τά
789 1947 873 2008 κακά
901 1942 1027 2026 μάλλον
1058 1953 1335 2031 προσποιοῦνται
1362 1947 1418 2008 καί
1439 1955 1456 2004 15

163 2045 364 2130 ὁμολογοῦσι
387 2042 472 2112 καθ’
499 2053 618 2128 αὐτῶν,
643 2053 683 2113 ἀν
706 2049 772 2112 ὦσι
795 2052 1021 2128 πεπεισμένοι
1043 2053 1219 2136 πρότερον,
1241 2049 1417 2135 ἢτάγαθά

161 2151 246 2230 μετά
265 2154 386 2234 χρόνον
408 2154 594 2227 ἀκούοντες.

128 2255 148 2314 4
251 2254 308 2314 οάκ
330 2255 370 2314 ἀν
394 2254 450 2315 οὖν
469 2255 691 2334 θαυμάσαιμι
705 2255 761 2315 καί
775 2254 869 2332 ὑμᾶς,
892 2249 1011 2337 ἀνδρες
1024 2244 1141 2331 Ἰλιεῖς,
1165 2255 1196 2315 εί
1211 2256 1418 2337 πιστότερον

162 2349 517 2440 ηγήσασθαιὍμηρον
539 2357 580 2418 τά
600 2351 827 2434 χαλεπώτατα
849 2356 1065 2436 ψευσάμενον
1087 2347 1172 2416 καθ’
1196 2357 1290 2434 ὑμῶν
1313 2356 1334 2440 ἢ
1358 2356 1416 2434 ἐμὲ

162 2453 295 2541 τάληθῆ
321 2453 471 2538 λέγοντα,
502 2459 654 2520 κάκεῖνον
675 2457 736 2536 μὲν
758 2453 944 2536 ὑπολαβεῖν
966 2457 1066 2519 θεῖον
1088 2455 1194 2542 ἀνδρα
1216 2458 1273 2519 καί
1297 2461 1418 2542 σοφόν,
1439 2465 1456 2516 21

161 2559 217 2620 καί
244 2559 323 2632 τούς
353 2556 481 2634 παῖδας
503 2560 607 2635 εάθάς
629 2556 666 2636 ἐξ
687 2560 789 2643 ἀρχῆς
812 2558 853 2618 τά
877 2559 943 2642 έπη
967 2554 1138 2621 διδάσκειν
1161 2559 1265 2622 οάθέν
1288 2556 1374 2620 ἀλλο
1396 2561 1416 2644 η

161 2663 309 2745 κατάρας
332 2662 448 2740 έχοντα
471 2663 556 2723 κατά
579 2671 638 2748 τῆς
662 2658 809 2737 πόλειος,
839 2661 895 2722 καί
917 2662 1042 2735 ταύτας
1066 2651 1124 2722 οὐκ
1146 2658 1309 2746 ἀληθεῖς,
1334 2663 1419 2740 ἐμοῦ

163 2759 197 2824 δέ
220 2765 265 2849 μη
290 2764 471 2843 ἀνέχοισθε
489 2764 530 2824 τά
547 2765 626 2825 όντα
641 2765 697 2826 καί
712 2765 871 2845 γενόμενα
890 2760 1053 2845 λέγοντος,
1077 2765 1130 2824 ότι
1145 2759 1289 2836 πολλοῖς
1304 2762 1417 2824 ἔτεσιν

126 2866 299 2948 5ἀστερον
318 2857 462 2950 Ὁμήρου
491 2869 618 2946 γέγονα.
664 2866 776 2926 καίτοι
806 2867 892 2950 φασί
919 2867 980 2946 μέν
1010 2867 1044 2926 οἱ
1070 2861 1192 2927 πολλοὶ
1214 2866 1273 2926 τόν
1292 2867 1417 2950 χρόνον

160 2974 226 3028 τῶν
248 2970 455 3050 πραγμάτιον
471 2962 556 3028 *καί
570 2969 685 3052 κριτὴν
701 2969 841 3050 ἀριστον
857 2966 954 3045 εἶναι,
978 2971 1031 3030 ότι
1048 2958 1080 3029 δ’
1105 2967 1146 3028 ἀν
1162 2967 1314 3028 ἀκούωσι
1330 2967 1416 3047 μετά
1439 2973 1456 3024 λ

161 3064 267 3129 πολάν
292 3071 429 3152 χρόνον,
463 3064 520 3128 διά
551 3075 649 3128 τοῦτο
679 3069 827 3131 ἀπιστον
856 3065 1059 3149 νομίζουσιν.
1105 3069 1218 3148 εἰμὲν
1243 3068 1301 3130 οὖν
1326 3061 1413 3153 παρ’

159 3163 322 3254 Ἀργείοις
345 3166 495 3249 ἐτόλμων
518 3166 702 3251 ἀντιλέγειν
720 3161 869 3256 Ὁμήρῳ,
895 3172 1032 3256 κοίτην
1055 3171 1196 3255 ποίησιν
1220 3162 1328 3232 αὐτοῦ
1350 3167 1416 3233 δει-

159 3274 275 3333 κνύναι
297 3269 406 3357 ψευδῆ
430 3271 509 3354 περί
531 3271 573 3331 τά
595 3275 747 3354 μέγιστα,
771 3275 869 3351 τυχδν
892 3274 932 3334 ἀν
955 3274 1094 3347 εἰκότως
1115 3273 1265 3358 ἤχθοντό
1282 3291 1346 3351 μοι
1360 3274 1417 3334 καί

158 3381 217 3460 τῆς
240 3370 373 3449 πόλεως
396 3369 574 3453 ἐξέβαλλον
599 3373 629 3433 εί
651 3374 710 3458 την
734 3365 818 3457 παρ’
844 3376 978 3436 ἐκείνων
1002 3371 1103 3452 δόξαν
1119 3377 1309 3460 ἐφαινόμην
1326 3376 1416 3460 ἀφα-

158 3471 257 3552 νίζων
286 3478 342 3538 καί
363 3476 559 3559 καθαιρῶν·
588 3476 675 3559 ὑμᾶς
699 3471 733 3535 δέ
758 3472 888 3537 δίκαιόν
911 3477 986 3537 ἐστί
1006 3497 1067 3556 μοι
1086 3479 1186 3562 χάριν
1209 3473 1339 3539 εἰδέναι
1361 3477 1417 3538 καί
1438 3482 1456 3532 θ

160 3579 355 3662 ἀκροᾶσθαι
378 3578 585 3662 προθύμως·
616 3578 701 3660 ὑπὲρ
724 3577 786 3661 γάρ
809 3583 876 3638 τῶν
901 3578 1066 3662 ὑμετέρων
1089 3581 1267 3663 προγόνων
1289 3580 1417 3640 ἐσπού-

126 3676 256 3743 6δακα.
367 3676 521 3764 προλέγω
551 3675 586 3740 δὲ
615 3680 693 3758 ὑμῖν
722 3681 775 3740 ότι
803 3681 882 3754 τοδς
910 3676 1026 3761 λόγους
1048 3682 1188 3756 τούτους
1212 3682 1337 3766 ἀνάγκη
1361 3683 1417 3742 καί

244 3899 378 3978 Moneo
396 3929 429 3982 γε
440 3909 514 3964 UBT
527 3911 607 3980 Emp.
621 3910 702 3964 Dind.
756 3909 898 3980 δι’σχοῐεν
913 3905 1106 3982 ΙίΒῖσχυονΤ
1159 3908 1302 3970 πολλάκισ
1321 3908 1417 3971 ὄντων

159 3987 277 4066 ἀληθῶν
295 3994 369 4049 UVT
388 3988 529 4051 πολλάκισ
547 3999 606 4051 τῶν
629 3987 747 4067 ἀληθῶν
764 3995 800 4059 Β,
824 4010 893 4048 corr.
910 3995 991 4064 Emp.
1077 4001 1091 4050 ’ί
1110 3993 1190 4053 ἐνίκα
1213 3998 1285 4054 delet
1302 3998 1417 4066 Kaibel;

160 4094 215 4133 non
232 4080 332 4134 accedo
405 4085 436 4135 14
456 4075 508 4137 οὐκ
525 4077 561 4138 ἀν
584 4100 656 4137 ποτε
680 4073 831 4137 ἀνείλοντο
851 4081 873 4133 Β
892 4070 945 4136 οὐκ
963 4076 999 4138 ἀν
1016 4100 1088 4138 ποτε
1106 4077 1218 4140 ἕλοιντο
1237 4082 1287 4138 UT
1309 4077 1364 4142 οὐκ
1382 4105 1418 4141 αν

159 4182 232 4221 ποτε
250 4157 286 4222 ἀν
302 4161 430 4221 ἕλοιννιο
445 4165 505 4230 (εἰσί
524 4166 601 4232 prius
614 4185 629 4220 v
642 4180 675 4219 ex
688 4185 701 4221 ε
714 4170 795 4230 corr.)
807 4165 831 4218 V
850 4160 1000 4222 ἀνείλοντο
1012 4181 1047 4219 m.
1060 4181 1114 4220 reo.
1128 4167 1155 4222 in
1168 4183 1251 4236 marg.
1300 4173 1331 4224 19
1350 4164 1416 4242 ἧγή·

158 4254 268 4305 σασθαι
285 4249 319 4316 U,
337 4245 484 4321 ἡγήσασθε
496 4249 568 4304 BVT
589 4246 748 4322 ἡγήσαισθε
767 4256 793 4303 et
805 4265 867 4305 mox
884 4244 1060 4323 ὑπολάβοιτε
1077 4253 1106 4305 εί
1120 4248 1281 4311 διδάσκοιτε
1299 4254 1415 4322 Βείείιες

160 4332 225 4384 mihi
242 4334 333 4400 potius
351 4338 413 4402 post
431 4335 458 4391 εἰ
474 4335 628 4402 optativus,
644 4335 718 4389 velut
738 4336 865 4405 τλαίητε,
883 4334 988 4389 videtur
1005 4335 1172 4404 supplendus
1191 4352 1264 4408 esse,
1285 4342 1360 4395 unde
1377 4341 1416 4395 in-

159 4415 255 4470 finitivi
272 4419 408 4485 pendeant
478 4423 506 4473 21
526 4413 613 4476 οὐθὲν
626 4419 682 4487 UV,
703 4413 785 4476 οὐδὲν
797 4421 880 4474 ceteri
950 4424 982 4474 24
1004 4419 1128 4491 φασίνῑί
1197 4426 1230 4478 25
1248 4419 1418 4498 (μάρτυρα)

160 4503 210 4558 καί
227 4503 326 4573 κριτὴν
344 4503 406 4557 Wil.
480 4507 511 4556 29
530 4501 669 4576 ἐξέβαλον
687 4504 710 4556 Τ
780 4507 811 4557 31
830 4508 878 4561 καί
896 4520 949 4560 om.
969 4505 1036 4561 UT?
