3068 5160
661 324 798 380 ORATIO
816 323 931 382 XXXII.
1363 330 1423 390 277

165 494 278 578 ηλίκον
308 499 410 558 ἐστίν.
470 500 565 572 ὅπως
593 501 654 578 μέν
682 501 744 584 γάρ
774 501 941 563 ἑστιᾶσθε
973 493 1059 561 καθ’
1092 506 1231 579 έαυτοδς
1260 507 1279 590 ἢ
1309 513 1424 585 κοιμῶ·
1438 505 1478 568 35

168 599 233 660 οθε
259 600 278 682 ἢ
307 596 465 661 διοικεῖτε
491 602 551 684 την
577 601 685 662 οἰκίαν
707 605 847 677 ἕκαστος
877 603 914 663 οὐ
944 605 1034 664 πάνυ
1065 601 1164 689 δῆλός
1193 608 1302 669 ἐστιν·
1333 610 1428 682 ὅπως

165 704 283 779 μέντοι
316 701 482 785 θεωρεῖτε
514 703 571 764 καί
604 704 704 764 ποῖοί
736 724 826 778 τινες
861 700 987 766 ἐνθάδε
1021 706 1097 766 ἐστὲ
1135 708 1283 782 άπαντες
1314 701 1428 794 Ἕλλη-

116 815 151 866 Μ)
167 823 220 877 νες
247 803 304 864 καί
331 803 500 886 βάρβαροι
529 801 654 866 ἴσασιν.
712 809 732 889 η
760 807 822 890 γάρ
857 803 960 880 πόλις
992 807 1085 885 ὑμῶν
1118 805 1166 889 τῳ
1200 811 1342 890 μεγέθει
1372 813 1429 874 καὶ

127 901 213 986 ὅτῳ
242 907 337 985 τόπῳ
369 900 532 966 πλεῖστον
561 908 641 968 ὅσον
671 903 828 991 διαφέρει
857 909 914 968 καί
948 914 1149 993 περιφανῶς
1186 907 1429 975 ἀποδέδεικται

169 1004 306 1090 δευτέρα
336 1013 404 1067 τῶν
433 1007 501 1067 ὑπὸ
531 1009 589 1069 τὸν
611 1004 716 1092 ἥλιον.
767 1010 788 1092 ἦ
817 1029 853 1070 τε
876 1009 938 1093 γάρ
962 1006 1144 1090 Αἴγυπτος
1174 1004 1305 1095 [δμῶν],
1335 1010 1427 1097 τηλι-
1438 1012 1479 1074 36

166 1116 285 1170 κοῦτον
320 1108 440 1185 ἔθνος,
479 1115 575 1190 σῶμα
611 1119 671 1195 τῆς
706 1107 839 1183 πόλεώς
872 1111 961 1186 ἐστι,
1000 1107 1126 1190 μάλλον
1161 1109 1197 1174 δέ
1234 1114 1428 1198 προσθήκη,

167 1217 229 1271 τοῦ
256 1230 292 1270 τε
320 1217 481 1290 ποταμοῦ
505 1213 544 1271 τὸ
574 1208 663 1273 ἴδιον
691 1220 751 1296 τῆς
781 1213 917 1295 φύσεως
946 1204 1024 1295 [καὶ]
1060 1213 1154 1296 παρά
1191 1217 1271 1289 τοὺς
1307 1213 1430 1290 άλλους

168 1316 324 1386 ἅπαντας
348 1308 446 1393 λόγου
469 1307 600 1392 μεῖζον,
631 1316 671 1375 τά
693 1334 729 1376 τε
751 1313 953 1391 θαυμαστὸν
977 1314 1081 1375 αὐτοῦ
1103 1316 1161 1376 καί
1182 1317 1220 1377 τδ
1244 1314 1429 1402 ὠφέλιμον,

116 1423 143 1475 10
165 1417 224 1499 την
254 1435 290 1476 τε
318 1410 496 1474 θάλατταν
527 1417 587 1498 τη“ν
613 1405 698 1475 καθ’
729 1419 818 1499 ημᾶς
850 1416 988 1476 ἅπασαν
1024 1412 1220 1494 ἐκδέχεσθε,
1250 1415 1365 1481 κάλλει
1393 1441 1429 1482 τε

170 1515 312 1597 λιμένων
338 1517 395 1578 καί
424 1517 565 1597 μεγέθει
596 1512 716 1577 στόλου
745 1517 802 1578 καί
831 1522 898 1576 τῶν
929 1525 1105 1596 πανταχοῦ
1130 1524 1334 1600 γιγνομένων
1363 1522 1429 1606 riq)-

168 1621 273 1702 θονία
306 1620 363 1680 καί
398 1614 575 1694 διαθέσει,
609 1619 666 1679 καί
696 1620 756 1703 την
790 1614 920 1694 ἔξωθεν
949 1620 1192 1704 ὑπερκειμένην
1226 1623 1316 1701 ἔχετε
1323 1671 1333 1700 ,
1369 1625 1429 1708 τήν

167 1742 203 1782 τε
222 1713 386 1806 Ἐρυθρὰν
415 1721 471 1781 καί
499 1722 558 1804 την
576 1708 732 1805 Ἰνδικήν,
761 1720 801 1805 ἦς
831 1723 997 1804 πρότερον
1026 1721 1174 1801 τοάνομα
1207 1724 1350 1786 ἀκοῦσαι
1369 1746 1428 1804 χα-

169 1821 272 1885 λεπὸν
286 1819 344 1906 ἦν·
370 1823 456 1882 ὥστε
472 1822 533 1895 τάς
556 1823 725 1906 ἐμπορίας
744 1823 787 1881 οὐ
811 1823 922 1906 νήσων
946 1819 1022 1883 οὐδὲ
1047 1820 1191 1902 λιμένων
1215 1821 1291 1885 οὐδὲ
1316 1827 1428 1910 πορθ-

116 1935 144 1985 15
166 1931 238 2005 μῶν
261 1945 362 1986 τινων
384 1924 441 1984 καί
464 1923 619 2002 ἰσθμῶν,
649 1919 734 1983 ἀλλά
759 1920 876 2001 σχεδὸν
899 1907 1037 2007 ἁπάσης
1059 1933 1119 2009 τῆς
1142 1925 1339 2010 οἰκουμένης
1361 1929 1428 2010 γίγ-

168 2026 294 2088 νεσθαι
310 2015 395 2108 παρ’
421 2025 509 2103 ὑμῖν.
546 2028 656 2085 κεῖται
677 2024 740 2108 γάρ
764 2025 799 2085 ἐν
823 2021 995 2105 συνδέσμῳ
1020 2026 1088 2087 τινί
1110 2033 1169 2110 της
1191 2022 1271 2110 ὅλης
1292 2035 1352 2112 γῆς
1373 2030 1430 2090 καί

168 2134 235 2188 τῶν
259 2123 421 2188 πλεῖστον
445 2126 694 2206 ἀπῳκισμένων
717 2125 839 2201 ἐθνῶν,
865 2126 981 2210 ὥσπερ
1005 2127 1111 2210 ἀγορά
1127 2133 1207 2207 μιᾶς
1223 2125 1357 2203 πόλεως
1380 2131 1429 2204 είς

170 2229 270 2289 ταύτὸ
288 2225 475 2308 ξυνάγουσα
492 2227 695 2299 πάνταςκαὶ
711 2223 907 2288 δεικνύουσά
923 2248 959 2289 τε
979 2225 1138 2313 ἀλλήλοις
1159 2231 1216 2291 καί
1237 2222 1322 2292 καθ’
1348 2234 1428 2294 δσον

171 2330 301 2392 οἷόντε
325 2324 520 2413 ὁμοφύλους
542 2335 701 2390 ποιοῦσα.
819 2327 903 2403 ἴσως
927 2329 984 2391 οδν
1003 2331 1139 2414 χαίρετε
1162 2332 1350 2410 άκοάοντες,
1372 2333 1478 2397 καί37

116 2444 146 2493 20
168 2427 319 2512 νομίζετε
342 2430 568 2492 ἐπαινεῖσθαι
590 2437 695 2491 ταῦτα
718 2432 804 2510 ἐμοῦ
821 2426 985 2512 λέγοντος,
1010 2433 1126 2515 ὥσπερ
1142 2433 1210 2495 άπδ
1227 2439 1294 2496 τῶν
1317 2431 1428 2497 ἄλλων

168 2541 235 2596 τῶν
259 2535 312 2596 άεί
334 2533 567 2594 θωπευόντων
589 2534 688 2611 ὑμᾶς·
712 2532 775 2613 έγώ
801 2527 836 2592 δὲ
861 2529 1011 2617 ἐπῄνεσα
1035 2531 1125 2618 ὕδωρ
1140 2535 1198 2596 καὶ
1218 2543 1278 2620 γῆν
1300 2537 1357 2597 καί
1379 2533 1427 2598 λι-

168 2640 271 2715 μένας
292 2637 349 2697 καί
370 2638 499 2709 τόπους
527 2635 584 2696 καί
613 2634 725 2695 πάντα
748 2629 874 2712 μᾶλλον
897 2635 916 2718 ἢ
940 2637 1036 2715 ὑμᾶς.
1082 2642 1152 2696 ποῦ
1171 2636 1234 2720 γάρ
1258 2634 1358 2698 είπον
1382 2639 1428 2712 ὥς

168 2740 244 2799 ἐστε
275 2735 438 2823 φρόνιμοι
463 2739 520 2799 καί
544 2738 719 2820 σώῳρονες
741 2736 798 2797 καλ
820 2733 965 2812 δίκαιοι,·
997 2737 1069 2816 οὐχί
1096 2738 1258 2798 τάναντία
1280 2739 1427 2816 τοάτων,·

168 2841 242 2901 ἔστι
271 2840 333 2922 γάρ
363 2840 560 2923 ἀνθρώπων
584 2839 727 2911 ἔπαινος
750 2834 902 2917 εὐταξία,
926 2829 1096 2924 πραότης,
1120 2837 1278 2919 ὁμόνοια,
1300 2836 1428 2920 κόσμος

116 2952 144 3002 25
168 2938 356 3017 πολιτείας,
379 2943 418 3002 τὸ
435 2944 616 3024 προσέχειν
632 2945 706 3014 τοῖς
722 2939 838 3024 ὀρθῶς
855 2937 999 3022 λέγουσι,
1023 2945 1061 3003 τὸ
1083 2943 1128 3027 μη
1147 2943 1294 3003 πάντοτε
1318 2936 1427 3026 ζητεῖν

166 3040 300 3125 ηδονάς.
346 3043 517 3123 άναγωγαὶ
549 3038 584 3102 δὲ
613 3043 670 3104 καλ
697 3043 878 3125 κατάρσεις
906 3046 963 3106 καί
992 3041 1151 3128 πλήθους
1177 3040 1347 3128 ὑπερβολή
1371 3046 1427 3106 καί

168 3144 279 3205 ὠνίων
307 3144 363 3204 καί
391 3150 474 3205 νεῶν
504 3145 723 3228 πανηγύρεως
749 3145 806 3205 καί
833 3140 967 3224 λιμένος
988 3145 1045 3205 καί
1068 3146 1189 3228 ἀγοράς
1212 3147 1304 3208 ἐστιν
1327 3148 1426 3228 ἐγκώ-

166 3265 256 3324 μιον,
281 3246 318 3305 οὐ
342 3241 492 3319 πόλεως·
518 3243 597 3307 οὐδέ
610 3264 656 3327 γε,
681 3246 721 3306 ἂν
736 3242 826 3327 ὕδωρ
843 3248 969 3330 ἐπαινῇ
984 3265 1047 3322 τις,
1070 3246 1267 3330 ἀνθρώπων
1283 3249 1425 3323 ἐπαινος
1436 3247 1475 3310 38

169 3336 267 3420 οὗτός
290 3348 393 3424 ἐστιν,
416 3343 501 3408 ἀλλά
527 3350 700 3432 φρεάτων·
724 3338 797 3408 οὐδ’
823 3349 864 3409 ἂν
880 3348 959 3430 περὶ
975 3346 1153 3430 εὐκρασίας
1169 3344 1245 3431 λέγῃ
1261 3369 1323 3425 τις,
1347 3351 1426 3423 τοάς

116 3459 144 3508 30
167 3449 376 3533 ἀνθρώπους
399 3447 488 3510 είναί
511 3465 616 3534 φησιν
640 3449 794 3530 ἀγαθούς
800 3497 810 3526 ,
839 3445 924 3509 ἀλλά
947 3449 1007 3533 την
1026 3449 1156 3532 χώραν·
1185 3440 1257 3510 οὐδ’
1283 3450 1324 3511 δν
1347 3451 1427 3533 περί

253 3712 437 3773 1έστιάσθαι
454 3715 485 3768 Μ
572 3714 686 3770 iimmo
704 3714 784 3786 δῆλοί
800 3709 866 3770 ἐστε
952 3705 1084 3768 aiom
1106 3712 1137 3765 Μ
1241 3707 1355 3781 θῦμῶν
1372 3712 1425 3769 δελ

165 3799 266 3854 Reiske
283 3802 341 3864 (sut
352 3793 418 3869 ὑμῖν
428 3799 520 3866 scrib.)
573 3803 588 3852 i
607 3794 778 3870 προσθήκησ
789 3798 820 3853 Μ
872 3801 953 3855 Stoi
969 3816 1002 3854 τι
1018 3792 1077 3871 γὰρ
1094 3797 1165 3863 libri,
1184 3812 1254 3852 corr.
1272 3797 1375 3853 Rsiske

167 3891 198 3940 10
216 3879 293 3954 ὓμᾶσ
310 3884 385 3951 libri,
409 3899 480 3940 corr.
498 3883 606 3939 Selden.
692 3880 860 3954 ἐκδέχεσθαι
877 3882 934 3937 ΜΤ
954 3880 1126 3953 έπινέμεσθε
1143 3882 1210 3938 Wil.
1229 3881 1357 3937 dubitans

164 3967 253 4043 κάλλη
270 3969 344 4026 UBT
433 3973 464 4024 11
483 3968 591 4040 μεγέθη
608 3969 683 4036 libri,
706 3984 778 4025 corr.
795 3968 875 4038 Emp.
965 3971 996 4022 13
1014 3964 1050 4026 τδ
1070 3964 1164 4038 ὄνομα
1182 3967 1256 4023 UBT
1342 3971 1375 4021 14
1391 3981 1425 4022 ει

165 4061 271 4125 specto:
300 4047 335 4112 οὐ
358 4048 453 4124 νήσων
474 4050 596 4124 (ἐνίων)
700 4058 732 4108 16
754 4054 835 4108 immo
857 4050 889 4109 ἐν
913 4052 1064 4126 συμμέτρῳ
1165 4041 1234 4125 δλησ
1256 4053 1355 4108 om.B

166 4145 195 4195 Π
215 4142 359 4197 πλείστων
375 4137 451 4194 UBT
536 4153 586 4208 pro
604 4141 672 4208 μιᾶς
688 4137 875 4205 scribendum:
893 4139 944 4207 μία
962 4142 1011 4192 sut
1027 4137 1101 4206 quod
1118 4138 1204 4206 magis
1221 4137 1287 4192 mihi
1305 4136 1422 4193 arridet:

163 4225 235 4298 μέση
311 4229 341 4280 18
361 4220 525 4296 συνάγουσα
542 4223 574 4277 Μ
658 4219 876 4294 δεικνύουσάγε
892 4221 966 4277 UBT
1053 4225 1085 4276 20
1105 4211 1241 4293 δσπερΠ
1318 4225 1350 4276 25
1369 4215 1424 4294 αἶρ-

162 4310 252 4366 θῶσΤ
322 4314 355 4364 26
372 4312 422 4366 καί
434 4302 604 4380 ἄνακρίσεισ
615 4308 687 4375 libri,
706 4323 777 4364 corr.
790 4306 935 4375 Empsrius
998 4305 1124 4375 suspicor
1136 4305 1252 4361 Dionem
1263 4306 1422 4376 scripsisse:

162 4390 317 4466 κατάρσεις
325 4394 434 4465 (νεῶν)
443 4396 492 4451 καί
504 4389 633 4465 πλήθους
644 4387 790 4466 ὑπερβολὴ
802 4393 851 4448 καί
863 4384 959 4447 ὠνίων
970 4393 1020 4447 καί
1031 4384 1198 4462 ἀνθρώπων
1206 4410 1308 4464 κανηγ.
1320 4396 1372 4447 stc.

163 4484 196 4533 29
214 4478 289 4550 λέγει
306 4478 337 4532 Μ
1164 4480 1167 4486 ’
