<?xml version="1.0" encoding="UTF-8"?>
<!DOCTYPE html PUBLIC "-//W3C//DTD XHTML 1.0 Transitional//EN"
    "http://www.w3.org/TR/xhtml1/DTD/xhtml1-transitional.dtd">
<html xmlns="http://www.w3.org/1999/xhtml" xml:lang="en" lang="en">
 <head>
  <title>
</title>
<meta http-equiv="Content-Type" content="text/html;charset=utf-8" />
  <meta name='ocr-system' content='tesseract 3.04.00' />
  <meta name='ocr-capabilities' content='ocr_page ocr_carea ocr_par ocr_line ocrx_word'/>
</head>
<body>
  <div class='ocr_page' id='page_1' title='image "./quaeexstantomni00diogoog_0176.png"; bbox 0 0 3068 5160; ppageno 0'>
   <div class='ocr_carea' id='block_1_1' title="bbox 178 343 957 404">
    <p class='ocr_par' dir='ltr' id='par_1_1' title="bbox 178 343 957 404">
     <span class='ocr_line' id='line_1_1' title="bbox 178 343 957 404; baseline -0.005 -2"><span class='ocrx_word' id='word_1_1' title='bbox 178 343 238 404; x_wconf 85' lang='lat'><strong><em>126</em></strong></span> <span class='ocrx_word' id='word_1_2' title='bbox 648 343 772 401; x_wconf 85' lang='lat' dir='ltr'>DIONIS</span> <span class='ocrx_word' id='word_1_3' title='bbox 790 343 957 399; x_wconf 79' lang='lat' dir='ltr'>TROlANA</span> 
     </span>
    </p>
   </div>
   <div class='ocr_carea' id='block_1_2' title="bbox 124 509 1468 3665">
    <p class='ocr_par' dir='ltr' id='par_1_2' title="bbox 124 509 1468 3665">
     <span class='ocr_line' id='line_1_2' title="bbox 126 509 1431 605; baseline -0.002 -23"><span class='ocrx_word' id='word_1_4' title='bbox 126 524 291 604; x_wconf 89' lang='grc' dir='ltr'><strong><em>41γοντες</em></strong></span> <span class='ocrx_word' id='word_1_5' title='bbox 323 517 418 582; x_wconf 81' lang='grc' dir='ltr'><strong><em>οὐδὲν</em></strong></span> <span class='ocrx_word' id='word_1_6' title='bbox 446 520 546 605; x_wconf 77' lang='grc' dir='ltr'><strong><em>ἦττον</em></strong></span> <span class='ocrx_word' id='word_1_7' title='bbox 574 515 686 605; x_wconf 85' lang='grc' dir='ltr'><em>ἀληθῆ</em></span> <span class='ocrx_word' id='word_1_8' title='bbox 717 536 823 604; x_wconf 79' lang='grc' dir='ltr'><strong><em>φασιν</em></strong></span> <span class='ocrx_word' id='word_1_9' title='bbox 852 517 940 580; x_wconf 85' lang='grc' dir='ltr'><strong><em>εἶναι</em></strong></span> <span class='ocrx_word' id='word_1_10' title='bbox 965 521 1024 604; x_wconf 82' lang='grc' dir='ltr'><strong><em>τῆν</em></strong></span> <span class='ocrx_word' id='word_1_11' title='bbox 1044 509 1188 603; x_wconf 80' lang='grc' dir='ltr'><strong><em>Ὁμήρου</em></strong></span> <span class='ocrx_word' id='word_1_12' title='bbox 1212 517 1356 601; x_wconf 78' lang='grc' dir='ltr'><em>ποίησιν</em></span> <span class='ocrx_word' id='word_1_13' title='bbox 1377 519 1431 580; x_wconf 86' lang='grc' dir='ltr'><strong><em>καί</em></strong></span> 
     </span>
     <span class='ocr_line' id='line_1_3' title="bbox 176 612 1428 706; baseline -0.003 -21"><span class='ocrx_word' id='word_1_14' title='bbox 176 619 390 706; x_wconf 78' lang='grc' dir='ltr'><strong><em>(ἀκούοντες)</em></strong></span> <span class='ocrx_word' id='word_1_15' title='bbox 412 624 470 684; x_wconf 85' lang='grc' dir='ltr'><strong><em>τὸν</em></strong></span> <span class='ocrx_word' id='word_1_16' title='bbox 496 623 557 701; x_wconf 83' lang='grc' dir='ltr'><strong><em>μὲν</em></strong></span> <span class='ocrx_word' id='word_1_17' title='bbox 578 622 784 705; x_wconf 82' lang='grc' dir='ltr'><strong><em>Στησίχορον</em></strong></span> <span class='ocrx_word' id='word_1_18' title='bbox 807 623 842 682; x_wconf 93' lang='grc' dir='ltr'><strong><em>ἐν</em></strong></span> <span class='ocrx_word' id='word_1_19' title='bbox 864 629 905 705; x_wconf 79' lang='grc' dir='ltr'><strong><em>τῇ</em></strong></span> <span class='ocrx_word' id='word_1_20' title='bbox 928 622 1067 704; x_wconf 83' lang='grc' dir='ltr'><strong><em>ὕστερον</em></strong></span> <span class='ocrx_word' id='word_1_21' title='bbox 1091 612 1162 704; x_wconf 77' lang='grc' dir='ltr'><strong><em>ᾠδῇ</em></strong></span> <span class='ocrx_word' id='word_1_22' title='bbox 1186 616 1294 702; x_wconf 89' lang='grc' dir='ltr'><strong><em>λέγειν</em></strong></span> <span class='ocrx_word' id='word_1_23' title='bbox 1318 622 1371 680; x_wconf 84' lang='grc' dir='ltr'><strong><em>ὅτι</em></strong></span> <span class='ocrx_word' id='word_1_24' title='bbox 1393 622 1428 681; x_wconf 92' lang='grc' dir='ltr'><strong><em>τδ</em></strong></span> 
     </span>
     <span class='ocr_line' id='line_1_4' title="bbox 178 714 1430 811; baseline -0.005 -23"><span class='ocrx_word' id='word_1_25' title='bbox 178 729 343 811; x_wconf 89' lang='grc' dir='ltr'><strong><em>παράπαν</em></strong></span> <span class='ocrx_word' id='word_1_26' title='bbox 373 721 450 785; x_wconf 81' lang='grc' dir='ltr'><strong><em>οὐδὲ</em></strong></span> <span class='ocrx_word' id='word_1_27' title='bbox 474 720 650 785; x_wconf 73' lang='grc' dir='ltr'><strong><em>πλεύσειεν</em></strong></span> <span class='ocrx_word' id='word_1_28' title='bbox 672 727 691 808; x_wconf 85' lang='grc' dir='ltr'><em>η</em></span> <span class='ocrx_word' id='word_1_29' title='bbox 712 714 821 808; x_wconf 81' lang='grc' dir='ltr'><em>Ἑλένη</em></span> <span class='ocrx_word' id='word_1_30' title='bbox 847 720 1031 802; x_wconf 82' lang='grc' dir='ltr'><strong><em>οὐδαμόσε,</em></strong></span> <span class='ocrx_word' id='word_1_31' title='bbox 1061 719 1184 797; x_wconf 78' lang='grc' dir='ltr'><strong><em>ἄλλους</em></strong></span> <span class='ocrx_word' id='word_1_32' title='bbox 1207 719 1245 783; x_wconf 91' lang='grc' dir='ltr'><strong><em>δέ</em></strong></span> <span class='ocrx_word' id='word_1_33' title='bbox 1266 743 1364 796; x_wconf 90' lang='grc' dir='ltr'><strong><em>τινας</em></strong></span> <span class='ocrx_word' id='word_1_34' title='bbox 1387 724 1430 796; x_wconf 87' lang='grc' dir='ltr'><strong><em>ὡς</em></strong></span> 
     </span>
     <span class='ocr_line' id='line_1_5' title="bbox 177 816 1430 912; baseline -0.004 -24"><span class='ocrx_word' id='word_1_35' title='bbox 177 828 376 912; x_wconf 76' lang='grc' dir='ltr'><strong><em>ἁρπασθείη</em></strong></span> <span class='ocrx_word' id='word_1_36' title='bbox 407 829 468 905; x_wconf 85' lang='grc' dir='ltr'><strong><em>μὲν</em></strong></span> <span class='ocrx_word' id='word_1_37' title='bbox 488 817 595 909; x_wconf 82' lang='grc' dir='ltr'><strong><em>Ἑλένη</em></strong></span> <span class='ocrx_word' id='word_1_38' title='bbox 622 826 687 886; x_wconf 88' lang='grc' dir='ltr'><strong><em>ὑπδ</em></strong></span> <span class='ocrx_word' id='word_1_39' title='bbox 711 832 772 886; x_wconf 79' lang='grc' dir='ltr'><strong><em>τοῦ</em></strong></span> <span class='ocrx_word' id='word_1_40' title='bbox 789 816 1024 908; x_wconf 84' lang='grc' dir='ltr'><strong><em>Ἀλεξάνδρου,</em></strong></span> <span class='ocrx_word' id='word_1_41' title='bbox 1054 822 1151 908; x_wconf 80' lang='grc' dir='ltr'><strong><em>δεῦρο</em></strong></span> <span class='ocrx_word' id='word_1_42' title='bbox 1176 820 1211 885; x_wconf 79' lang='grc' dir='ltr'><strong><em>δὲ</em></strong></span> <span class='ocrx_word' id='word_1_43' title='bbox 1236 816 1322 909; x_wconf 77' lang='grc' dir='ltr'><strong><em>παρ’</em></strong></span> <span class='ocrx_word' id='word_1_44' title='bbox 1348 829 1430 909; x_wconf 86' lang='grc' dir='ltr'><strong><em>ῆμάς</em></strong></span> 
     </span>
     <span class='ocr_line' id='line_1_6' title="bbox 177 926 1453 1013; baseline -0.003 -22"><span class='ocrx_word' id='word_1_45' title='bbox 177 931 226 1004; x_wconf 89' lang='grc' dir='ltr'><strong><em>είς</em></strong></span> <span class='ocrx_word' id='word_1_46' title='bbox 256 928 437 1011; x_wconf 88' lang='grc' dir='ltr'><strong><em>Αἴγυπτον</em></strong></span> <span class='ocrx_word' id='word_1_47' title='bbox 467 929 627 1013; x_wconf 77' lang='grc' dir='ltr'><strong><em>ἀφίκοιτο</em></strong></span> <span class='ocrx_word' id='word_1_48' title='bbox 655 929 712 989; x_wconf 86' lang='grc' dir='ltr'><strong><em>καί</em></strong></span> <span class='ocrx_word' id='word_1_49' title='bbox 739 934 801 988; x_wconf 79' lang='grc' dir='ltr'><strong><em>τοῦ</em></strong></span> <span class='ocrx_word' id='word_1_50' title='bbox 825 929 1023 1010; x_wconf 88' lang='grc' dir='ltr'><strong><em>πράγματος</em></strong></span> <span class='ocrx_word' id='word_1_51' title='bbox 1057 927 1163 1000; x_wconf 82' lang='grc' dir='ltr'><strong><em>οὕτως</em></strong></span> <span class='ocrx_word' id='word_1_52' title='bbox 1195 926 1453 1011; x_wconf 72' lang='grc' dir='ltr'><strong><em>ἀμφισβητουί</em></strong></span> 
     </span>
     <span class='ocr_line' id='line_1_7' title="bbox 176 1024 1431 1117; baseline -0.003 -24"><span class='ocrx_word' id='word_1_53' title='bbox 176 1036 277 1111; x_wconf 84' lang='grc' dir='ltr'><strong><em>μένου</em></strong></span> <span class='ocrx_word' id='word_1_54' title='bbox 293 1033 350 1094; x_wconf 81' lang='grc' dir='ltr'><strong><em>καί</em></strong></span> <span class='ocrx_word' id='word_1_55' title='bbox 365 1027 494 1117; x_wconf 79' lang='grc' dir='ltr'><strong><em>πολλὴν</em></strong></span> <span class='ocrx_word' id='word_1_56' title='bbox 510 1032 648 1111; x_wconf 83' lang='grc' dir='ltr'><strong><em>ἄγνοιαν</em></strong></span> <span class='ocrx_word' id='word_1_57' title='bbox 663 1030 807 1108; x_wconf 86' lang='grc' dir='ltr'><strong><em>ἐχοντος,</em></strong></span> <span class='ocrx_word' id='word_1_58' title='bbox 825 1026 901 1090; x_wconf 80' lang='grc' dir='ltr'><strong><em>οὐδὲ</em></strong></span> <span class='ocrx_word' id='word_1_59' title='bbox 918 1029 1025 1103; x_wconf 84' lang='grc' dir='ltr'><strong><em>οὕτως</em></strong></span> <span class='ocrx_word' id='word_1_60' title='bbox 1042 1029 1257 1090; x_wconf 77' lang='grc' dir='ltr'><strong><em>ὑποπτεῦσαι</em></strong></span> <span class='ocrx_word' id='word_1_61' title='bbox 1274 1024 1431 1090; x_wconf 82' lang='grc' dir='ltr'><strong><em>δύνανται</em></strong></span> 
     </span>
     <span class='ocr_line' id='line_1_8' title="bbox 126 1127 1430 1218; baseline -0.002 -25"><span class='ocrx_word' id='word_1_62' title='bbox 126 1134 234 1218; x_wconf 78' lang='grc' dir='ltr'><strong><em>42τῆν</em></strong></span> <span class='ocrx_word' id='word_1_63' title='bbox 266 1133 411 1217; x_wconf 90' lang='grc' dir='ltr'><strong><em>άπάτην.</em></strong></span> <span class='ocrx_word' id='word_1_64' title='bbox 457 1135 577 1194; x_wconf 89' lang='grc' dir='ltr'><strong><em>τούτου</em></strong></span> <span class='ocrx_word' id='word_1_65' title='bbox 608 1128 643 1193; x_wconf 87' lang='grc' dir='ltr'><strong><em>δέ</em></strong></span> <span class='ocrx_word' id='word_1_66' title='bbox 674 1129 784 1192; x_wconf 85' lang='grc' dir='ltr'><strong><em>αἴτιον</em></strong></span> <span class='ocrx_word' id='word_1_67' title='bbox 808 1132 873 1216; x_wconf 78' lang='grc' dir='ltr'><strong><em>ἔφη</em></strong></span> <span class='ocrx_word' id='word_1_68' title='bbox 898 1129 986 1192; x_wconf 85' lang='grc' dir='ltr'><strong><em>εἶναι</em></strong></span> <span class='ocrx_word' id='word_1_69' title='bbox 1008 1133 1061 1192; x_wconf 86' lang='grc' dir='ltr'><strong><em>δτι</em></strong></span> <span class='ocrx_word' id='word_1_70' title='bbox 1091 1127 1251 1216; x_wconf 77' lang='grc' dir='ltr'><strong><em>φιλήκοοί</em></strong></span> <span class='ocrx_word' id='word_1_71' title='bbox 1280 1132 1369 1191; x_wconf 90' lang='grc' dir='ltr'><strong><em>είσιν</em></strong></span> <span class='ocrx_word' id='word_1_72' title='bbox 1399 1131 1430 1190; x_wconf 88' lang='grc' dir='ltr'><strong><em>οί</em></strong></span> 
     </span>
     <span class='ocr_line' id='line_1_9' title="bbox 168 1226 1430 1319; baseline -0.001 -24"><span class='ocrx_word' id='word_1_73' title='bbox 168 1227 338 1319; x_wconf 88' lang='grc' dir='ltr'><strong><em>Ἕλληνες·</em></strong></span> <span class='ocrx_word' id='word_1_74' title='bbox 376 1237 397 1296; x_wconf 90' lang='grc' dir='ltr'><strong><em>ά</em></strong></span> <span class='ocrx_word' id='word_1_75' title='bbox 429 1226 463 1296; x_wconf 82' lang='grc' dir='ltr'><strong><em>δ’</em></strong></span> <span class='ocrx_word' id='word_1_76' title='bbox 496 1236 536 1296; x_wconf 85' lang='grc' dir='ltr'><strong><em>άν</em></strong></span> <span class='ocrx_word' id='word_1_77' title='bbox 566 1235 756 1294; x_wconf 81' lang='grc' dir='ltr'><strong><em>ἀκούσωσιν</em></strong></span> <span class='ocrx_word' id='word_1_78' title='bbox 785 1230 894 1318; x_wconf 83' lang='grc' dir='ltr'><strong><em>ηδέως</em></strong></span> <span class='ocrx_word' id='word_1_79' title='bbox 922 1234 1014 1306; x_wconf 86' lang='grc' dir='ltr'><strong><em>τινὸς</em></strong></span> <span class='ocrx_word' id='word_1_80' title='bbox 1044 1229 1213 1313; x_wconf 89' lang='grc' dir='ltr'><strong><em>λέγοντος,</em></strong></span> <span class='ocrx_word' id='word_1_81' title='bbox 1243 1239 1350 1292; x_wconf 77' lang='grc' dir='ltr'><strong><em>ταῦτα</em></strong></span> <span class='ocrx_word' id='word_1_82' title='bbox 1378 1233 1430 1294; x_wconf 85' lang='grc' dir='ltr'><strong><em>καί</em></strong></span> 
     </span>
     <span class='ocr_line' id='line_1_10' title="bbox 178 1331 1428 1422; baseline -0.002 -25"><span class='ocrx_word' id='word_1_83' title='bbox 178 1334 291 1422; x_wconf 91' lang='grc' dir='ltr'><em>άληθῆ</em></span> <span class='ocrx_word' id='word_1_84' title='bbox 330 1331 521 1416; x_wconf 88' lang='grc' dir='ltr'><strong><em>νομίζουσι,</em></strong></span> <span class='ocrx_word' id='word_1_85' title='bbox 557 1337 613 1397; x_wconf 84' lang='grc' dir='ltr'><strong><em>καὶ</em></strong></span> <span class='ocrx_word' id='word_1_86' title='bbox 642 1341 715 1409; x_wconf 88' lang='grc' dir='ltr'><strong><em>τοῖς</em></strong></span> <span class='ocrx_word' id='word_1_87' title='bbox 743 1337 803 1414; x_wconf 88' lang='grc' dir='ltr'><strong><em>μέν</em></strong></span> <span class='ocrx_word' id='word_1_88' title='bbox 832 1339 993 1418; x_wconf 82' lang='grc' dir='ltr'><strong><em>ποιηταῖς</em></strong></span> <span class='ocrx_word' id='word_1_89' title='bbox 1021 1336 1267 1418; x_wconf 84' lang='grc' dir='ltr'><strong><em>ἐπιτρέπουσιν</em></strong></span> <span class='ocrx_word' id='word_1_90' title='bbox 1298 1335 1362 1410; x_wconf 85' lang='grc' dir='ltr'><strong><em>δ,τι</em></strong></span> <span class='ocrx_word' id='word_1_91' title='bbox 1391 1333 1428 1394; x_wconf 89' lang='grc' dir='ltr'><strong><em>άν</em></strong></span> 
     </span>
     <span class='ocr_line' id='line_1_11' title="bbox 176 1433 1468 1522; baseline -0.002 -23"><span class='ocrx_word' id='word_1_92' title='bbox 176 1435 310 1499; x_wconf 87' lang='grc' dir='ltr'><strong><em>θέλωσι</em></strong></span> <span class='ocrx_word' id='word_1_93' title='bbox 332 1434 529 1518; x_wconf 83' lang='grc' dir='ltr'><strong><em>ψεύδεσθαι</em></strong></span> <span class='ocrx_word' id='word_1_94' title='bbox 551 1438 608 1497; x_wconf 87' lang='grc' dir='ltr'><strong><em>καί</em></strong></span> <span class='ocrx_word' id='word_1_95' title='bbox 632 1452 737 1522; x_wconf 82' lang='grc' dir='ltr'><strong><em>φασιν</em></strong></span> <span class='ocrx_word' id='word_1_96' title='bbox 760 1433 885 1513; x_wconf 85' lang='grc' dir='ltr'><strong><em>ἐξεῖναι</em></strong></span> <span class='ocrx_word' id='word_1_97' title='bbox 902 1436 1026 1512; x_wconf 83' lang='grc' dir='ltr'><strong><em>αὐτοῖς,</em></strong></span> <span class='ocrx_word' id='word_1_98' title='bbox 1050 1438 1141 1516; x_wconf 83' lang='grc' dir='ltr'><strong><em>ὅμως</em></strong></span> <span class='ocrx_word' id='word_1_99' title='bbox 1157 1433 1192 1497; x_wconf 88' lang='grc' dir='ltr'><strong><em>δέ</em></strong></span> <span class='ocrx_word' id='word_1_100' title='bbox 1210 1438 1429 1496; x_wconf 82' lang='grc' dir='ltr'><strong><em>πιστεύουσιν</em></strong></span> <span class='ocrx_word' id='word_1_101' title='bbox 1448 1446 1468 1496; x_wconf 81' lang='lat' dir='ltr'><strong><em>ll</em></strong></span> 
     </span>
     <span class='ocr_line' id='line_1_12' title="bbox 178 1535 1430 1622; baseline -0.002 -23"><span class='ocrx_word' id='word_1_102' title='bbox 178 1538 230 1612; x_wconf 92' lang='grc' dir='ltr'><strong><em>οίς</em></strong></span> <span class='ocrx_word' id='word_1_103' title='bbox 253 1539 293 1600; x_wconf 84' lang='grc' dir='ltr'><strong><em>άν</em></strong></span> <span class='ocrx_word' id='word_1_104' title='bbox 316 1540 439 1600; x_wconf 86' lang='grc' dir='ltr'><strong><em>ἐκεῖνοι</em></strong></span> <span class='ocrx_word' id='word_1_105' title='bbox 463 1535 594 1620; x_wconf 89' lang='grc' dir='ltr'><strong><em>λέγωσι,</em></strong></span> <span class='ocrx_word' id='word_1_106' title='bbox 617 1539 673 1599; x_wconf 85' lang='grc' dir='ltr'><strong><em>καὶ</em></strong></span> <span class='ocrx_word' id='word_1_107' title='bbox 694 1540 866 1622; x_wconf 90' lang='grc' dir='ltr'><strong><em>μάρτυρας</em></strong></span> <span class='ocrx_word' id='word_1_108' title='bbox 890 1539 1011 1613; x_wconf 79' lang='grc' dir='ltr'><strong><em>αὐτούς</em></strong></span> <span class='ocrx_word' id='word_1_109' title='bbox 1026 1541 1213 1620; x_wconf 74' lang='grc' dir='ltr'><strong><em>ἐπάγονται</em></strong></span> <span class='ocrx_word' id='word_1_110' title='bbox 1228 1537 1338 1598; x_wconf 90' lang='grc' dir='ltr'><strong><em>ἐνίοτε</em></strong></span> <span class='ocrx_word' id='word_1_111' title='bbox 1356 1538 1430 1620; x_wconf 85' lang='grc' dir='ltr'><strong><em>περὶ</em></strong></span> 
     </span>
     <span class='ocr_line' id='line_1_13' title="bbox 177 1637 1429 1725; baseline -0.002 -23"><span class='ocrx_word' id='word_1_112' title='bbox 177 1640 223 1702; x_wconf 82' lang='grc' dir='ltr'><strong><em>ὧν</em></strong></span> <span class='ocrx_word' id='word_1_113' title='bbox 247 1641 519 1725; x_wconf 77' lang='grc' dir='ltr'><strong><em>ἀμφισβητοῦσι·</em></strong></span> <span class='ocrx_word' id='word_1_114' title='bbox 543 1641 637 1724; x_wconf 89' lang='grc' dir='ltr'><strong><em>παρά</em></strong></span> <span class='ocrx_word' id='word_1_115' title='bbox 658 1637 693 1701; x_wconf 79' lang='grc' dir='ltr'><strong><em>δὲ</em></strong></span> <span class='ocrx_word' id='word_1_116' title='bbox 709 1639 921 1721; x_wconf 73' lang='grc' dir='ltr'><strong><em>Αἰγυπτίοις</em></strong></span> <span class='ocrx_word' id='word_1_117' title='bbox 935 1642 979 1725; x_wconf 82' lang='grc' dir='ltr'><strong><em>μη</em></strong></span> <span class='ocrx_word' id='word_1_118' title='bbox 997 1637 1123 1717; x_wconf 82' lang='grc' dir='ltr'><strong><em>ἐξεῖναι</em></strong></span> <span class='ocrx_word' id='word_1_119' title='bbox 1137 1637 1242 1724; x_wconf 80' lang='grc' dir='ltr'><strong><em>μηδὲν</em></strong></span> <span class='ocrx_word' id='word_1_120' title='bbox 1257 1642 1429 1722; x_wconf 84' lang='grc' dir='ltr'><strong><em>ἐμμέτρως</em></strong></span> 
     </span>
     <span class='ocr_line' id='line_1_14' title="bbox 178 1738 1430 1826; baseline -0.001 -23"><span class='ocrx_word' id='word_1_121' title='bbox 178 1740 340 1824; x_wconf 89' lang='grc' dir='ltr'><strong><em>λέγεσθαι</em></strong></span> <span class='ocrx_word' id='word_1_122' title='bbox 368 1738 453 1826; x_wconf 84' lang='grc' dir='ltr'><strong><em>μηδὲ</em></strong></span> <span class='ocrx_word' id='word_1_123' title='bbox 483 1740 571 1803; x_wconf 84' lang='grc' dir='ltr'><strong><em>εἶναι</em></strong></span> <span class='ocrx_word' id='word_1_124' title='bbox 601 1742 742 1826; x_wconf 81' lang='grc' dir='ltr'><strong><em>ποίησιν</em></strong></span> <span class='ocrx_word' id='word_1_125' title='bbox 771 1743 809 1802; x_wconf 89' lang='grc' dir='ltr'><strong><em>τδ</em></strong></span> <span class='ocrx_word' id='word_1_126' title='bbox 840 1743 1023 1825; x_wconf 89' lang='grc' dir='ltr'><strong><em>παράπαν·</em></strong></span> <span class='ocrx_word' id='word_1_127' title='bbox 1052 1742 1270 1803; x_wconf 88' lang='grc' dir='ltr'><strong><em>ἐπίστασθαι</em></strong></span> <span class='ocrx_word' id='word_1_128' title='bbox 1295 1743 1358 1825; x_wconf 92' lang='grc' dir='ltr'><strong><em>γάρ</em></strong></span> <span class='ocrx_word' id='word_1_129' title='bbox 1382 1744 1430 1803; x_wconf 86' lang='grc' dir='ltr'><strong><em>ὅτι</em></strong></span> 
     </span>
     <span class='ocr_line' id='line_1_15' title="bbox 176 1840 1429 1930; baseline 0 -26"><span class='ocrx_word' id='word_1_130' title='bbox 176 1847 353 1930; x_wconf 78' lang='grc' dir='ltr'><strong><em>φάρμακον</em></strong></span> <span class='ocrx_word' id='word_1_131' title='bbox 383 1850 481 1904; x_wconf 83' lang='grc' dir='ltr'><strong><em>τοῦτο</em></strong></span> <span class='ocrx_word' id='word_1_132' title='bbox 508 1840 630 1929; x_wconf 84' lang='grc' dir='ltr'><strong><em>ηδονῆς</em></strong></span> <span class='ocrx_word' id='word_1_133' title='bbox 652 1845 727 1904; x_wconf 91' lang='grc' dir='ltr'><strong><em>ἐστι</em></strong></span> <span class='ocrx_word' id='word_1_134' title='bbox 750 1845 837 1927; x_wconf 84' lang='grc' dir='ltr'><strong><em>πρὸς</em></strong></span> <span class='ocrx_word' id='word_1_135' title='bbox 861 1845 921 1928; x_wconf 81' lang='grc' dir='ltr'><strong><em>τὴν</em></strong></span> <span class='ocrx_word' id='word_1_136' title='bbox 944 1845 1054 1930; x_wconf 81' lang='grc' dir='ltr'><strong><em>ἀκοήν.</em></strong></span> <span class='ocrx_word' id='word_1_137' title='bbox 1101 1845 1217 1928; x_wconf 84' lang='grc' dir='ltr'><strong><em>ὥσπερ</em></strong></span> <span class='ocrx_word' id='word_1_138' title='bbox 1242 1843 1301 1906; x_wconf 86' lang='grc' dir='ltr'><strong><em>οδν</em></strong></span> <span class='ocrx_word' id='word_1_139' title='bbox 1326 1845 1360 1904; x_wconf 90' lang='grc' dir='ltr'><strong><em>οἱ</em></strong></span> <span class='ocrx_word' id='word_1_140' title='bbox 1384 1840 1429 1904; x_wconf 96' lang='grc' dir='ltr'><strong><em>δι-</em></strong></span> 
     </span>
     <span class='ocr_line' id='line_1_16' title="bbox 177 1936 1468 2031; baseline -0.002 -23"><span class='ocrx_word' id='word_1_141' title='bbox 177 1954 312 2028; x_wconf 81' lang='grc' dir='ltr'><strong><em>ψῶντες</em></strong></span> <span class='ocrx_word' id='word_1_142' title='bbox 342 1942 437 2007; x_wconf 83' lang='grc' dir='ltr'><strong><em>οὐδὲν</em></strong></span> <span class='ocrx_word' id='word_1_143' title='bbox 467 1942 602 2007; x_wconf 89' lang='grc' dir='ltr'><strong><em>δέονται</em></strong></span> <span class='ocrx_word' id='word_1_144' title='bbox 632 1943 740 2022; x_wconf 82' lang='grc' dir='ltr'><strong><em>οἴνου,</em></strong></span> <span class='ocrx_word' id='word_1_145' title='bbox 771 1936 847 2005; x_wconf 76' lang='grc' dir='ltr'><em>ἀλλ’</em></span> <span class='ocrx_word' id='word_1_146' title='bbox 880 1945 1011 2031; x_wconf 90' lang='grc' dir='ltr'><strong><em>άπόχρη</em></strong></span> <span class='ocrx_word' id='word_1_147' title='bbox 1042 1947 1157 2021; x_wconf 79' lang='grc' dir='ltr'><strong><em>αὐτοῖς</em></strong></span> <span class='ocrx_word' id='word_1_148' title='bbox 1179 1943 1304 2020; x_wconf 84' lang='grc' dir='ltr'><strong><em>άδατος</em></strong></span> <span class='ocrx_word' id='word_1_149' title='bbox 1328 1951 1429 2023; x_wconf 88' lang='grc' dir='ltr'><strong><em>πιεῖν,</em></strong></span> <span class='ocrx_word' id='word_1_150' title='bbox 1448 1956 1468 2006; x_wconf 71' lang='lat'><strong><em>15</em></strong></span> 
     </span>
     <span class='ocr_line' id='line_1_17' title="bbox 177 2039 1426 2133; baseline -0.001 -24"><span class='ocrx_word' id='word_1_151' title='bbox 177 2050 283 2123; x_wconf 81' lang='grc' dir='ltr'><strong><em>οὕτως</em></strong></span> <span class='ocrx_word' id='word_1_152' title='bbox 313 2049 347 2110; x_wconf 86' lang='grc' dir='ltr'><strong><em>οἱ</em></strong></span> <span class='ocrx_word' id='word_1_153' title='bbox 379 2044 512 2133; x_wconf 85' lang='grc' dir='ltr'><em>τάληθῆ</em></span> <span class='ocrx_word' id='word_1_154' title='bbox 544 2044 671 2109; x_wconf 85' lang='grc' dir='ltr'><strong><em>είδέναι</em></strong></span> <span class='ocrx_word' id='word_1_155' title='bbox 700 2044 862 2124; x_wconf 87' lang='grc' dir='ltr'><strong><em>θέλοντες</em></strong></span> <span class='ocrx_word' id='word_1_156' title='bbox 891 2046 987 2111; x_wconf 86' lang='grc' dir='ltr'><strong><em>οάδέν</em></strong></span> <span class='ocrx_word' id='word_1_157' title='bbox 1016 2046 1150 2111; x_wconf 89' lang='grc' dir='ltr'><strong><em>δέονται</em></strong></span> <span class='ocrx_word' id='word_1_158' title='bbox 1172 2053 1322 2132; x_wconf 89' lang='grc' dir='ltr'><strong><em>μέτρων,</em></strong></span> <span class='ocrx_word' id='word_1_159' title='bbox 1352 2039 1426 2108; x_wconf 79' lang='grc' dir='ltr'><em>ἀλλ’</em></span> 
     </span>
     <span class='ocr_line' id='line_1_18' title="bbox 126 2147 1427 2236; baseline -0.001 -23"><span class='ocrx_word' id='word_1_160' title='bbox 126 2152 165 2213; x_wconf 89' lang='grc'><strong><em>43</em></strong></span> <span class='ocrx_word' id='word_1_161' title='bbox 178 2147 315 2233; x_wconf 84' lang='grc' dir='ltr'><strong><em>ἐξαρκεῖ</em></strong></span> <span class='ocrx_word' id='word_1_162' title='bbox 333 2151 448 2224; x_wconf 80' lang='grc' dir='ltr'><strong><em>αὐτοῖς</em></strong></span> <span class='ocrx_word' id='word_1_163' title='bbox 472 2147 590 2224; x_wconf 84' lang='grc' dir='ltr'><strong><em>ἁπλῶς</em></strong></span> <span class='ocrx_word' id='word_1_164' title='bbox 613 2150 764 2211; x_wconf 80' lang='grc' dir='ltr'><strong><em>ἀκοῦσαι.</em></strong></span> <span class='ocrx_word' id='word_1_165' title='bbox 797 2155 817 2236; x_wconf 86' lang='grc' dir='ltr'><strong><em>η</em></strong></span> <span class='ocrx_word' id='word_1_166' title='bbox 842 2148 878 2212; x_wconf 87' lang='grc' dir='ltr'><strong><em>δέ</em></strong></span> <span class='ocrx_word' id='word_1_167' title='bbox 902 2152 1043 2236; x_wconf 92' lang='grc' dir='ltr'><strong><em>ποίησις</em></strong></span> <span class='ocrx_word' id='word_1_168' title='bbox 1058 2151 1245 2212; x_wconf 77' lang='grc' dir='ltr'><strong><em>ἀναπείθει</em></strong></span> <span class='ocrx_word' id='word_1_169' title='bbox 1260 2151 1303 2211; x_wconf 91' lang='grc' dir='ltr'><strong><em>τά</em></strong></span> <span class='ocrx_word' id='word_1_170' title='bbox 1319 2147 1427 2236; x_wconf 83' lang='grc' dir='ltr'><strong><em>ψευδῆ</em></strong></span> 
     </span>
     <span class='ocr_line' id='line_1_19' title="bbox 175 2248 915 2337; baseline 0.004 -26"><span class='ocrx_word' id='word_1_171' title='bbox 175 2253 308 2313; x_wconf 84' lang='grc' dir='ltr'><strong><em>ἀκούειν</em></strong></span> <span class='ocrx_word' id='word_1_172' title='bbox 332 2253 448 2336; x_wconf 84' lang='grc' dir='ltr'><strong><em>ὥσπερ</em></strong></span> <span class='ocrx_word' id='word_1_173' title='bbox 471 2248 524 2335; x_wconf 86' lang='grc' dir='ltr'><strong><em>&lt;δ&gt;</em></strong></span> <span class='ocrx_word' id='word_1_174' title='bbox 548 2250 639 2326; x_wconf 85' lang='grc' dir='ltr'><strong><em>οἶνος</em></strong></span> <span class='ocrx_word' id='word_1_175' title='bbox 662 2253 775 2313; x_wconf 89' lang='grc' dir='ltr'><strong><em>πίνειν</em></strong></span> <span class='ocrx_word' id='word_1_176' title='bbox 797 2255 915 2337; x_wconf 87' lang='grc' dir='ltr'><strong><em>μάτην.</em></strong></span> 
     </span>
     <span class='ocr_line' id='line_1_20' title="bbox 260 2344 1429 2438; baseline 0.003 -25"><span class='ocrx_word' id='word_1_177' title='bbox 260 2355 307 2426; x_wconf 86' lang='grc' dir='ltr'><strong><em>ὡς</em></strong></span> <span class='ocrx_word' id='word_1_178' title='bbox 331 2353 388 2414; x_wconf 81' lang='grc' dir='ltr'><strong><em>οὖν</em></strong></span> <span class='ocrx_word' id='word_1_179' title='bbox 410 2355 536 2438; x_wconf 78' lang='grc' dir='ltr'><strong><em>ηκουσα</em></strong></span> <span class='ocrx_word' id='word_1_180' title='bbox 561 2344 645 2436; x_wconf 81' lang='grc' dir='ltr'><strong><em>παρ’</em></strong></span> <span class='ocrx_word' id='word_1_181' title='bbox 672 2355 814 2430; x_wconf 82' lang='grc' dir='ltr'><strong><em>ἐκείνου,</em></strong></span> <span class='ocrx_word' id='word_1_182' title='bbox 845 2357 1056 2438; x_wconf 89' lang='grc' dir='ltr'><strong><em>πειράσομαι</em></strong></span> <span class='ocrx_word' id='word_1_183' title='bbox 1078 2355 1198 2431; x_wconf 84' lang='grc' dir='ltr'><strong><em>εἰπεῖν,</em></strong></span> <span class='ocrx_word' id='word_1_184' title='bbox 1222 2355 1429 2438; x_wconf 83' lang='grc' dir='ltr'><strong><em>προστιθείς</em></strong></span> 
     </span>
     <span class='ocr_line' id='line_1_21' title="bbox 174 2451 1468 2541; baseline 0 -25"><span class='ocrx_word' id='word_1_185' title='bbox 174 2452 211 2532; x_wconf 83' lang='grc' dir='ltr'><strong><em>ἐξ</em></strong></span> <span class='ocrx_word' id='word_1_186' title='bbox 234 2454 280 2517; x_wconf 82' lang='grc' dir='ltr'><strong><em>ὧν</em></strong></span> <span class='ocrx_word' id='word_1_187' title='bbox 303 2453 412 2516; x_wconf 82' lang='grc' dir='ltr'><strong><em>ἐδόκει</em></strong></span> <span class='ocrx_word' id='word_1_188' title='bbox 427 2474 488 2534; x_wconf 94' lang='grc' dir='ltr'><strong><em>μοι</em></strong></span> <span class='ocrx_word' id='word_1_189' title='bbox 503 2451 616 2540; x_wconf 81' lang='grc' dir='ltr'><em>ἀληθῆ</em></span> <span class='ocrx_word' id='word_1_190' title='bbox 633 2455 674 2516; x_wconf 90' lang='grc' dir='ltr'><strong><em>τά</em></strong></span> <span class='ocrx_word' id='word_1_191' title='bbox 692 2452 861 2536; x_wconf 83' lang='grc' dir='ltr'><strong><em>λεγόμενα.</em></strong></span> <span class='ocrx_word' id='word_1_192' title='bbox 900 2457 964 2541; x_wconf 77' lang='grc' dir='ltr'><strong><em>ἔφη</em></strong></span> <span class='ocrx_word' id='word_1_193' title='bbox 981 2456 1043 2540; x_wconf 91' lang='grc' dir='ltr'><strong><em>γάρ</em></strong></span> <span class='ocrx_word' id='word_1_194' title='bbox 1060 2457 1094 2517; x_wconf 92' lang='grc' dir='ltr'><strong><em>ἐν</em></strong></span> <span class='ocrx_word' id='word_1_195' title='bbox 1109 2457 1249 2539; x_wconf 81' lang='grc' dir='ltr'><strong><em>Σπάρτη</em></strong></span> <span class='ocrx_word' id='word_1_196' title='bbox 1266 2457 1430 2537; x_wconf 89' lang='grc' dir='ltr'><strong><em>γενέσθαι</em></strong></span> <span class='ocrx_word' id='word_1_197' title='bbox 1448 2465 1468 2516; x_wconf 73' lang='lat' dir='ltr'>b</span> 
     </span>
     <span class='ocr_line' id='line_1_22' title="bbox 178 2554 1429 2642; baseline 0.002 -24"><span class='ocrx_word' id='word_1_198' title='bbox 178 2555 375 2641; x_wconf 82' lang='grc' dir='ltr'><strong><em>Τυνδάρεων</em></strong></span> <span class='ocrx_word' id='word_1_199' title='bbox 410 2559 518 2642; x_wconf 80' lang='grc' dir='ltr'><strong><em>σοφὸν</em></strong></span> <span class='ocrx_word' id='word_1_200' title='bbox 555 2554 660 2642; x_wconf 80' lang='grc' dir='ltr'><strong><em>ἄνδρα</em></strong></span> <span class='ocrx_word' id='word_1_201' title='bbox 693 2558 749 2618; x_wconf 82' lang='grc' dir='ltr'><strong><em>καὶ</em></strong></span> <span class='ocrx_word' id='word_1_202' title='bbox 777 2555 920 2636; x_wconf 79' lang='grc' dir='ltr'><strong><em>βασιλέα</em></strong></span> <span class='ocrx_word' id='word_1_203' title='bbox 949 2563 1122 2640; x_wconf 89' lang='grc' dir='ltr'><strong><em>μέγιστον,</em></strong></span> <span class='ocrx_word' id='word_1_204' title='bbox 1157 2559 1279 2618; x_wconf 87' lang='grc' dir='ltr'><strong><em>τούτου</em></strong></span> <span class='ocrx_word' id='word_1_205' title='bbox 1309 2554 1345 2618; x_wconf 86' lang='grc' dir='ltr'><strong><em>δέ</em></strong></span> <span class='ocrx_word' id='word_1_206' title='bbox 1374 2559 1429 2620; x_wconf 85' lang='grc' dir='ltr'><strong><em>καί</em></strong></span> 
     </span>
     <span class='ocr_line' id='line_1_23' title="bbox 173 2653 1468 2746; baseline -0.003 -24"><span class='ocrx_word' id='word_1_207' title='bbox 173 2657 296 2745; x_wconf 81' lang='grc' dir='ltr'><strong><em>Λήδας</em></strong></span> <span class='ocrx_word' id='word_1_208' title='bbox 320 2657 379 2722; x_wconf 86' lang='grc' dir='ltr'><strong><em>δύο</em></strong></span> <span class='ocrx_word' id='word_1_209' title='bbox 402 2661 593 2744; x_wconf 88' lang='grc' dir='ltr'><strong><em>θυγατέρας</em></strong></span> <span class='ocrx_word' id='word_1_210' title='bbox 614 2659 698 2720; x_wconf 85' lang='grc' dir='ltr'><strong><em>κατά</em></strong></span> <span class='ocrx_word' id='word_1_211' title='bbox 721 2660 822 2721; x_wconf 81' lang='grc' dir='ltr'><strong><em>ταδτδ</em></strong></span> <span class='ocrx_word' id='word_1_212' title='bbox 847 2661 963 2744; x_wconf 85' lang='grc' dir='ltr'><strong><em>ὥσπερ</em></strong></span> <span class='ocrx_word' id='word_1_213' title='bbox 985 2664 1082 2746; x_wconf 76' lang='grc' dir='ltr'><strong><em>ἡμεῖς</em></strong></span> <span class='ocrx_word' id='word_1_214' title='bbox 1097 2653 1315 2739; x_wconf 82' lang='grc' dir='ltr'><strong><em>ὀνομάζομεν,</em></strong></span> <span class='ocrx_word' id='word_1_215' title='bbox 1339 2657 1468 2722; x_wconf 79' lang='grc' dir='ltr'><strong><em>Κλυ-ιιο</em></strong></span> 
     </span>
     <span class='ocr_line' id='line_1_24' title="bbox 175 2752 1428 2848; baseline -0.002 -23"><span class='ocrx_word' id='word_1_216' title='bbox 175 2765 405 2848; x_wconf 81' lang='grc' dir='ltr'><strong><em>ταιμνῆστραν</em></strong></span> <span class='ocrx_word' id='word_1_217' title='bbox 426 2763 483 2824; x_wconf 82' lang='grc' dir='ltr'><strong><em>καὶ</em></strong></span> <span class='ocrx_word' id='word_1_218' title='bbox 496 2752 634 2846; x_wconf 86' lang='grc' dir='ltr'><strong><em>Ἑλένην,</em></strong></span> <span class='ocrx_word' id='word_1_219' title='bbox 657 2762 713 2822; x_wconf 82' lang='grc' dir='ltr'><strong><em>καὶ</em></strong></span> <span class='ocrx_word' id='word_1_220' title='bbox 736 2757 795 2822; x_wconf 91' lang='grc' dir='ltr'><strong><em>δυό</em></strong></span> <span class='ocrx_word' id='word_1_221' title='bbox 819 2763 961 2846; x_wconf 87' lang='grc' dir='ltr'><strong><em>άρρενας</em></strong></span> <span class='ocrx_word' id='word_1_222' title='bbox 984 2758 1111 2836; x_wconf 89' lang='grc' dir='ltr'><strong><em>παῖδας</em></strong></span> <span class='ocrx_word' id='word_1_223' title='bbox 1130 2757 1293 2841; x_wconf 85' lang='grc' dir='ltr'><strong><em>διδύμους</em></strong></span> <span class='ocrx_word' id='word_1_224' title='bbox 1305 2759 1428 2836; x_wconf 80' lang='grc' dir='ltr'><strong><em>καλοὺς</em></strong></span> 
     </span>
     <span class='ocr_line' id='line_1_25' title="bbox 124 2854 1427 2950; baseline 0.001 -25"><span class='ocrx_word' id='word_1_225' title='bbox 124 2867 165 2927; x_wconf 87' lang='grc'><strong><em>44</em></strong></span> <span class='ocrx_word' id='word_1_226' title='bbox 174 2867 230 2926; x_wconf 82' lang='grc' dir='ltr'><strong><em>καὶ</em></strong></span> <span class='ocrx_word' id='word_1_227' title='bbox 252 2861 417 2946; x_wconf 81' lang='grc' dir='ltr'><strong><em>μεγάλους</em></strong></span> <span class='ocrx_word' id='word_1_228' title='bbox 437 2866 493 2926; x_wconf 83' lang='grc' dir='ltr'><strong><em>καί</em></strong></span> <span class='ocrx_word' id='word_1_229' title='bbox 509 2861 596 2925; x_wconf 79' lang='grc' dir='ltr'><strong><em>πολι)</em></strong></span> <span class='ocrx_word' id='word_1_230' title='bbox 612 2870 678 2924; x_wconf 84' lang='grc' dir='ltr'><strong><em>τῶν</em></strong></span> <span class='ocrx_word' id='word_1_231' title='bbox 690 2854 849 2947; x_wconf 76' lang='grc' dir='ltr'><strong><em>Ἑλλήνων</em></strong></span> <span class='ocrx_word' id='word_1_232' title='bbox 865 2865 1033 2947; x_wconf 81' lang='grc' dir='ltr'><strong><em>ἀρίστους.</em></strong></span> <span class='ocrx_word' id='word_1_233' title='bbox 1071 2863 1159 2926; x_wconf 80' lang='grc' dir='ltr'><strong><em>εἶναι</em></strong></span> <span class='ocrx_word' id='word_1_234' title='bbox 1175 2860 1211 2925; x_wconf 92' lang='grc' dir='ltr'><strong><em>δέ</em></strong></span> <span class='ocrx_word' id='word_1_235' title='bbox 1227 2865 1288 2950; x_wconf 81' lang='grc' dir='ltr'><strong><em>τὴν</em></strong></span> <span class='ocrx_word' id='word_1_236' title='bbox 1299 2855 1427 2949; x_wconf 86' lang='grc' dir='ltr'><strong><em>Ἑλένην</em></strong></span> 
     </span>
     <span class='ocr_line' id='line_1_26' title="bbox 171 2962 1468 3052; baseline 0.002 -27"><span class='ocrx_word' id='word_1_237' title='bbox 171 2967 231 3027; x_wconf 83' lang='grc' dir='ltr'><strong><em>ἐπὶ</em></strong></span> <span class='ocrx_word' id='word_1_238' title='bbox 256 2962 371 3027; x_wconf 88' lang='grc' dir='ltr'><strong><em>κάλλει</em></strong></span> <span class='ocrx_word' id='word_1_239' title='bbox 394 2966 598 3051; x_wconf 75' lang='grc' dir='ltr'><strong><em>περιβόητον</em></strong></span> <span class='ocrx_word' id='word_1_240' title='bbox 620 2967 676 3027; x_wconf 83' lang='grc' dir='ltr'><strong><em>καὶ</em></strong></span> <span class='ocrx_word' id='word_1_241' title='bbox 699 2962 847 3039; x_wconf 78' lang='grc' dir='ltr'><strong><em>πολλοὺς</em></strong></span> <span class='ocrx_word' id='word_1_242' title='bbox 867 2975 1062 3052; x_wconf 88' lang='grc' dir='ltr'><strong><em>μνηστῆρας</em></strong></span> <span class='ocrx_word' id='word_1_243' title='bbox 1085 2967 1186 3052; x_wconf 82' lang='grc' dir='ltr'><strong><em>αὐτῆς</em></strong></span> <span class='ocrx_word' id='word_1_244' title='bbox 1208 2967 1260 3028; x_wconf 77' lang='grc' dir='ltr'><strong><em>ἔτι</em></strong></span> <span class='ocrx_word' id='word_1_245' title='bbox 1285 2975 1468 3052; x_wconf 63' lang='grc' dir='ltr'><strong><em>σμινρᾱςλ</em></strong></span> 
     </span>
     <span class='ocr_line' id='line_1_27' title="bbox 172 3064 1425 3154; baseline 0.002 -27"><span class='ocrx_word' id='word_1_246' title='bbox 172 3064 298 3141; x_wconf 85' lang='grc' dir='ltr'><strong><em>παιδὸς</em></strong></span> <span class='ocrx_word' id='word_1_247' title='bbox 322 3067 423 3152; x_wconf 86' lang='grc' dir='ltr'><strong><em>οδσης</em></strong></span> <span class='ocrx_word' id='word_1_248' title='bbox 445 3068 686 3149; x_wconf 81' lang='grc' dir='ltr'><strong><em>γενέσθαικαὶ</em></strong></span> <span class='ocrx_word' id='word_1_249' title='bbox 708 3068 863 3153; x_wconf 80' lang='grc' dir='ltr'><strong><em>ἁρπαγὴν</em></strong></span> <span class='ocrx_word' id='word_1_250' title='bbox 885 3069 953 3129; x_wconf 81' lang='grc' dir='ltr'><strong><em>ὑπὸ</em></strong></span> <span class='ocrx_word' id='word_1_251' title='bbox 973 3068 1113 3154; x_wconf 86' lang='grc' dir='ltr'><strong><em>Θησέως</em></strong></span> <span class='ocrx_word' id='word_1_252' title='bbox 1135 3065 1305 3149; x_wconf 76' lang='grc' dir='ltr'><strong><em>βασιλέως</em></strong></span> <span class='ocrx_word' id='word_1_253' title='bbox 1329 3071 1425 3143; x_wconf 82' lang='grc' dir='ltr'><strong><em>ὄντος</em></strong></span> 
     </span>
     <span class='ocr_line' id='line_1_28' title="bbox 168 3159 1425 3257; baseline 0.002 -28"><span class='ocrx_word' id='word_1_254' title='bbox 168 3159 333 3252; x_wconf 82' lang='grc' dir='ltr'><strong><em>Ἀθηνῶν.</em></strong></span> <span class='ocrx_word' id='word_1_255' title='bbox 379 3170 457 3244; x_wconf 82' lang='grc' dir='ltr'><strong><em>τούς</em></strong></span> <span class='ocrx_word' id='word_1_256' title='bbox 488 3168 544 3231; x_wconf 82' lang='grc' dir='ltr'><strong><em>οδν</em></strong></span> <span class='ocrx_word' id='word_1_257' title='bbox 574 3165 743 3254; x_wconf 78' lang='grc' dir='ltr'><strong><em>ἀδελφοὺς</em></strong></span> <span class='ocrx_word' id='word_1_258' title='bbox 772 3177 831 3254; x_wconf 87' lang='grc' dir='ltr'><strong><em>τῆς</em></strong></span> <span class='ocrx_word' id='word_1_259' title='bbox 849 3161 978 3256; x_wconf 89' lang='grc' dir='ltr'><strong><em>Ἑλένης</em></strong></span> <span class='ocrx_word' id='word_1_260' title='bbox 1000 3172 1131 3245; x_wconf 78' lang='grc' dir='ltr'><strong><em>εὐθέως</em></strong></span> <span class='ocrx_word' id='word_1_261' title='bbox 1153 3167 1271 3233; x_wconf 87' lang='grc' dir='ltr'><strong><em>ἐλθεῖν</em></strong></span> <span class='ocrx_word' id='word_1_262' title='bbox 1294 3172 1344 3246; x_wconf 88' lang='grc' dir='ltr'><strong><em>είς</em></strong></span> <span class='ocrx_word' id='word_1_263' title='bbox 1367 3173 1425 3257; x_wconf 80' lang='grc' dir='ltr'><strong><em>τὴν</em></strong></span> 
     </span>
     <span class='ocr_line' id='line_1_29' title="bbox 172 3269 1424 3358; baseline 0.002 -27"><span class='ocrx_word' id='word_1_264' title='bbox 172 3278 233 3331; x_wconf 84' lang='grc' dir='ltr'><strong><em>τοῦ</em></strong></span> <span class='ocrx_word' id='word_1_265' title='bbox 256 3269 397 3354; x_wconf 86' lang='grc' dir='ltr'><strong><em>Θησέως</em></strong></span> <span class='ocrx_word' id='word_1_266' title='bbox 422 3273 536 3356; x_wconf 87' lang='grc' dir='ltr'><strong><em>χώραν</em></strong></span> <span class='ocrx_word' id='word_1_267' title='bbox 562 3273 618 3333; x_wconf 82' lang='grc' dir='ltr'><strong><em>καὶ</em></strong></span> <span class='ocrx_word' id='word_1_268' title='bbox 641 3272 821 3356; x_wconf 87' lang='grc' dir='ltr'><strong><em>πορθῆσαι</em></strong></span> <span class='ocrx_word' id='word_1_269' title='bbox 844 3274 902 3358; x_wconf 83' lang='grc' dir='ltr'><strong><em>την</em></strong></span> <span class='ocrx_word' id='word_1_270' title='bbox 926 3270 1027 3335; x_wconf 84' lang='grc' dir='ltr'><strong><em>πόλιν</em></strong></span> <span class='ocrx_word' id='word_1_271' title='bbox 1048 3275 1105 3335; x_wconf 83' lang='grc' dir='ltr'><strong><em>καὶ</em></strong></span> <span class='ocrx_word' id='word_1_272' title='bbox 1126 3273 1344 3352; x_wconf 87' lang='grc' dir='ltr'><strong><em>κομίσασθαι</em></strong></span> <span class='ocrx_word' id='word_1_273' title='bbox 1367 3275 1424 3358; x_wconf 83' lang='grc' dir='ltr'><strong><em>τῆν</em></strong></span> 
     </span>
     <span class='ocr_line' id='line_1_30' title="bbox 172 3369 1424 3461; baseline 0.003 -29"><span class='ocrx_word' id='word_1_274' title='bbox 172 3369 330 3457; x_wconf 77' lang='grc' dir='ltr'><strong><em>ἀδελφήν.</em></strong></span> <span class='ocrx_word' id='word_1_275' title='bbox 376 3373 437 3448; x_wconf 91' lang='grc' dir='ltr'><strong><em>τάς</em></strong></span> <span class='ocrx_word' id='word_1_276' title='bbox 458 3375 519 3453; x_wconf 81' lang='grc' dir='ltr'><strong><em>μὲν</em></strong></span> <span class='ocrx_word' id='word_1_277' title='bbox 544 3373 600 3435; x_wconf 79' lang='grc' dir='ltr'><strong><em>οὖν</em></strong></span> <span class='ocrx_word' id='word_1_278' title='bbox 624 3370 728 3448; x_wconf 83' lang='grc' dir='ltr'><strong><em>ἄλλος</em></strong></span> <span class='ocrx_word' id='word_1_279' title='bbox 750 3378 907 3455; x_wconf 87' lang='grc' dir='ltr'><strong><em>γυναῖκας</em></strong></span> <span class='ocrx_word' id='word_1_280' title='bbox 930 3376 1071 3460; x_wconf 80' lang='grc' dir='ltr'><strong><em>ἀφιέναι</em></strong></span> <span class='ocrx_word' id='word_1_281' title='bbox 1093 3371 1274 3455; x_wconf 82' lang='grc' dir='ltr'><strong><em>λαβόντας·</em></strong></span> <span class='ocrx_word' id='word_1_282' title='bbox 1305 3377 1366 3461; x_wconf 79' lang='grc' dir='ltr'><strong><em>τῆν</em></strong></span> <span class='ocrx_word' id='word_1_283' title='bbox 1389 3371 1424 3436; x_wconf 79' lang='grc' dir='ltr'><strong><em>δὲ</em></strong></span> 
     </span>
     <span class='ocr_line' id='line_1_31' title="bbox 170 3470 1468 3561; baseline 0.004 -26"><span class='ocrx_word' id='word_1_284' title='bbox 170 3482 232 3535; x_wconf 81' lang='grc' dir='ltr'><strong><em>τοῦ</em></strong></span> <span class='ocrx_word' id='word_1_285' title='bbox 248 3473 389 3559; x_wconf 87' lang='grc' dir='ltr'><strong><em>Θησέως</em></strong></span> <span class='ocrx_word' id='word_1_286' title='bbox 403 3480 531 3560; x_wconf 90' lang='grc' dir='ltr'><strong><em>μητέρα</em></strong></span> <span class='ocrx_word' id='word_1_287' title='bbox 552 3472 764 3556; x_wconf 80' lang='grc' dir='ltr'><strong><em>αἰχμάλωτον</em></strong></span> <span class='ocrx_word' id='word_1_288' title='bbox 780 3476 882 3557; x_wconf 83' lang='grc' dir='ltr'><strong><em>άγειν,</em></strong></span> <span class='ocrx_word' id='word_1_289' title='bbox 905 3470 1178 3561; x_wconf 89' lang='grc' dir='ltr'><strong><em>τιμωρουμένους</em></strong></span> <span class='ocrx_word' id='word_1_290' title='bbox 1194 3477 1313 3538; x_wconf 80' lang='grc' dir='ltr'><strong><em>αὐτόν·</em></strong></span> <span class='ocrx_word' id='word_1_291' title='bbox 1336 3475 1468 3540; x_wconf 66' lang='grc' dir='ltr'><strong><em>εἶναιτί</em></strong></span> 
     </span>
     <span class='ocr_line' id='line_1_32' title="bbox 169 3569 1422 3665; baseline 0.002 -28"><span class='ocrx_word' id='word_1_292' title='bbox 169 3577 230 3660; x_wconf 92' lang='grc' dir='ltr'><strong><em>γάρ</em></strong></span> <span class='ocrx_word' id='word_1_293' title='bbox 261 3578 382 3652; x_wconf 76' lang='grc' dir='ltr'><strong><em>αὐτούς</em></strong></span> <span class='ocrx_word' id='word_1_294' title='bbox 411 3574 616 3658; x_wconf 82' lang='grc' dir='ltr'><strong><em>ἀξιομάχους</em></strong></span> <span class='ocrx_word' id='word_1_295' title='bbox 642 3579 729 3661; x_wconf 82' lang='grc' dir='ltr'><strong><em>πρὸς</em></strong></span> <span class='ocrx_word' id='word_1_296' title='bbox 753 3579 891 3640; x_wconf 85' lang='grc' dir='ltr'><strong><em>ἅπασαν</em></strong></span> <span class='ocrx_word' id='word_1_297' title='bbox 913 3581 972 3665; x_wconf 82' lang='grc' dir='ltr'><strong><em>την</em></strong></span> <span class='ocrx_word' id='word_1_298' title='bbox 991 3569 1139 3656; x_wconf 84' lang='grc' dir='ltr'><strong><em>Ἑλλάδα,</em></strong></span> <span class='ocrx_word' id='word_1_299' title='bbox 1161 3579 1219 3640; x_wconf 81' lang='grc' dir='ltr'><strong><em>καί</em></strong></span> <span class='ocrx_word' id='word_1_300' title='bbox 1240 3582 1422 3661; x_wconf 87' lang='grc' dir='ltr'><strong><em>καταστρέ-</em></strong></span> 
     </span>
    </p>
   </div>
   <div class='ocr_carea' id='block_1_3' title="bbox 166 3823 1424 4578">
    <p class='ocr_par' dir='ltr' id='par_1_3' title="bbox 166 3823 1424 4578">
     <span class='ocr_line' id='line_1_33' title="bbox 257 3823 1424 3898; baseline 0.005 -19"><span class='ocrx_word' id='word_1_301' title='bbox 257 3831 267 3879; x_wconf 89' lang='lat' dir='ltr'>i</span> <span class='ocrx_word' id='word_1_302' title='bbox 288 3823 360 3883; x_wconf 81' lang='grc' dir='ltr'><strong><em>εἶναι</em></strong></span> <span class='ocrx_word' id='word_1_303' title='bbox 378 3843 428 3883; x_wconf 91' lang='lat' dir='ltr'><strong><em>om.</em></strong></span> <span class='ocrx_word' id='word_1_304' title='bbox 448 3828 470 3880; x_wconf 94' lang='grc' dir='ltr'>Β</span> <span class='ocrx_word' id='word_1_305' title='bbox 591 3834 606 3883; x_wconf 78' lang='lat'>2</span> <span class='ocrx_word' id='word_1_306' title='bbox 628 3824 820 3898; x_wconf 82' lang='grc' dir='ltr'><strong><em>&lt;άκοίοντες&gt;</em></strong></span> <span class='ocrx_word' id='word_1_307' title='bbox 844 3844 877 3882; x_wconf 85' lang='lat' dir='ltr'><strong><em>ex</em></strong></span> <span class='ocrx_word' id='word_1_308' title='bbox 900 3829 969 3882; x_wconf 81' lang='lat' dir='ltr'>coni.</span> <span class='ocrx_word' id='word_1_309' title='bbox 994 3826 1117 3896; x_wconf 78' lang='lat' dir='ltr'>supplevi</span> <span class='ocrx_word' id='word_1_310' title='bbox 1225 3831 1240 3880; x_wconf 84' lang='lat'><strong>3</strong></span> <span class='ocrx_word' id='word_1_311' title='bbox 1265 3823 1371 3894; x_wconf 80' lang='grc' dir='ltr'><strong><em>ἄλλους</em></strong></span> <span class='ocrx_word' id='word_1_312' title='bbox 1395 3827 1424 3884; x_wconf 76' lang='grc' dir='ltr'><strong><em>δέ</em></strong></span> 
     </span>
     <span class='ocr_line' id='line_1_34' title="bbox 169 3908 1422 3985; baseline 0.002 -19"><span class='ocrx_word' id='word_1_313' title='bbox 169 3930 247 3976; x_wconf 87' lang='grc' dir='ltr'><strong><em>τινας</em></strong></span> <span class='ocrx_word' id='word_1_314' title='bbox 268 3914 388 3966; x_wconf 77' lang='lat' dir='ltr'>exenni.</span> <span class='ocrx_word' id='word_1_315' title='bbox 409 3914 482 3978; x_wconf 87' lang='lat' dir='ltr'>dedi,</span> <span class='ocrx_word' id='word_1_316' title='bbox 505 3913 566 3966; x_wconf 85' lang='lat' dir='ltr'>libri</span> <span class='ocrx_word' id='word_1_317' title='bbox 588 3909 668 3969; x_wconf 83' lang='grc' dir='ltr'><strong><em>άλλοι</em></strong></span> <span class='ocrx_word' id='word_1_318' title='bbox 692 3915 721 3970; x_wconf 85' lang='grc' dir='ltr'><strong><em>δέ</em></strong></span> <span class='ocrx_word' id='word_1_319' title='bbox 744 3935 818 3980; x_wconf 83' lang='grc' dir='ltr'><strong><em>τινες</em></strong></span> <span class='ocrx_word' id='word_1_320' title='bbox 921 3908 1074 3984; x_wconf 70' lang='grc' dir='ltr'><strong><em>δάφίκετο</em></strong></span> <span class='ocrx_word' id='word_1_321' title='bbox 1087 3911 1159 3968; x_wconf 88' lang='lat' dir='ltr'><strong><em>UBT</em></strong></span> <span class='ocrx_word' id='word_1_322' title='bbox 1265 3917 1281 3967; x_wconf 86' lang='grc'><strong>6</strong></span> <span class='ocrx_word' id='word_1_323' title='bbox 1299 3908 1422 3985; x_wconf 85' lang='grc' dir='ltr'><strong><em>άγνοιαν</em></strong></span> 
     </span>
     <span class='ocr_line' id='line_1_35' title="bbox 168 3994 1353 4070; baseline 0.003 -20"><span class='ocrx_word' id='word_1_324' title='bbox 168 3995 352 4069; x_wconf 84' lang='grc' dir='ltr'><strong><em>παρέχοντοσ</em></strong></span> <span class='ocrx_word' id='word_1_325' title='bbox 369 3997 394 4051; x_wconf 92' lang='lat' dir='ltr'>V</span> <span class='ocrx_word' id='word_1_326' title='bbox 498 4003 511 4050; x_wconf 82' lang='grc' dir='ltr'><strong><em>ῖ</em></strong></span> <span class='ocrx_word' id='word_1_327' title='bbox 530 3994 662 4070; x_wconf 81' lang='grc' dir='ltr'><strong><em>φιλήκοοι</em></strong></span> <span class='ocrx_word' id='word_1_328' title='bbox 675 4000 797 4062; x_wconf 83' lang='lat' dir='ltr'>Dindorf‚</span> <span class='ocrx_word' id='word_1_329' title='bbox 816 4001 963 4070; x_wconf 82' lang='grc' dir='ltr'><strong><em>φιλήδονοι</em></strong></span> <span class='ocrx_word' id='word_1_330' title='bbox 980 3998 1043 4053; x_wconf 83' lang='lat' dir='ltr'>libri</span> <span class='ocrx_word' id='word_1_331' title='bbox 1111 4003 1126 4050; x_wconf 88' lang='grc'>9</span> <span class='ocrx_word' id='word_1_332' title='bbox 1144 3999 1311 4066; x_wconf 87' lang='grc' dir='ltr'><strong><em>νομίζουσιν</em></strong></span> <span class='ocrx_word' id='word_1_333' title='bbox 1328 3998 1353 4053; x_wconf 91' lang='lat' dir='ltr'><strong>U</strong></span> 
     </span>
     <span class='ocr_line' id='line_1_36' title="bbox 170 4074 1370 4152; baseline 0.001 -17"><span class='ocrx_word' id='word_1_334' title='bbox 170 4086 200 4135; x_wconf 82' lang='grc'><strong><em>12</em></strong></span> <span class='ocrx_word' id='word_1_335' title='bbox 218 4081 302 4152; x_wconf 80' lang='grc' dir='ltr'><strong><em>μηδὲν</em></strong></span> <span class='ocrx_word' id='word_1_336' title='bbox 320 4081 420 4136; x_wconf 82' lang='lat' dir='ltr'>Reiske</span> <span class='ocrx_word' id='word_1_337' title='bbox 437 4081 506 4152; x_wconf 76' lang='grc' dir='ltr'><strong><em>μηδὲ</em></strong></span> <span class='ocrx_word' id='word_1_338' title='bbox 523 4082 585 4137; x_wconf 86' lang='lat' dir='ltr'>libri</span> <span class='ocrx_word' id='word_1_339' title='bbox 673 4089 704 4138; x_wconf 83' lang='lat'><strong><em>14</em></strong></span> <span class='ocrx_word' id='word_1_340' title='bbox 721 4082 762 4140; x_wconf 83' lang='grc' dir='ltr'><strong><em>έτι</em></strong></span> <span class='ocrx_word' id='word_1_341' title='bbox 781 4101 831 4152; x_wconf 87' lang='lat' dir='ltr'><strong><em>pro</em></strong></span> <span class='ocrx_word' id='word_1_342' title='bbox 849 4082 947 4140; x_wconf 58' lang='grc' dir='ltr'><strong><em>ἐστιν</em></strong></span> <span class='ocrx_word' id='word_1_343' title='bbox 1035 4088 1064 4136; x_wconf 78' lang='lat'><strong><em>17</em></strong></span> <span class='ocrx_word' id='word_1_344' title='bbox 1084 4074 1206 4139; x_wconf 81' lang='grc' dir='ltr'><strong><em>άκοῦσαι</em></strong></span> <span class='ocrx_word' id='word_1_345' title='bbox 1224 4079 1370 4140; x_wconf 80' lang='grc' dir='ltr'><strong><em>άπλοῖσΤ</em></strong></span> 
     </span>
     <span class='ocr_line' id='line_1_37' title="bbox 169 4157 1422 4242; baseline 0.001 -23"><span class='ocrx_word' id='word_1_346' title='bbox 169 4170 199 4220; x_wconf 88' lang='grc'><strong><em>18</em></strong></span> <span class='ocrx_word' id='word_1_347' title='bbox 218 4171 265 4222; x_wconf 85' lang='grc' dir='ltr'><strong><em>καί</em></strong></span> <span class='ocrx_word' id='word_1_348' title='bbox 284 4157 383 4239; x_wconf 78' lang='grc' dir='ltr'><strong><em>άίσπερ</em></strong></span> <span class='ocrx_word' id='word_1_349' title='bbox 400 4166 474 4222; x_wconf 86' lang='lat' dir='ltr'><strong><em>UBT</em></strong></span> <span class='ocrx_word' id='word_1_350' title='bbox 562 4161 657 4223; x_wconf 74' lang='grc' dir='ltr'><strong><em>δειλά.</em></strong></span> <span class='ocrx_word' id='word_1_351' title='bbox 678 4168 785 4224; x_wconf 79' lang='lat' dir='ltr'>Geelius</span> <span class='ocrx_word' id='word_1_352' title='bbox 872 4164 954 4225; x_wconf 79' lang='grc' dir='ltr'><strong><em>οἶνον</em></strong></span> <span class='ocrx_word' id='word_1_353' title='bbox 971 4167 1044 4223; x_wconf 90' lang='lat' dir='ltr'><strong><em>UBT</em></strong></span> <span class='ocrx_word' id='word_1_354' title='bbox 1126 4171 1156 4222; x_wconf 79' lang='lat'><strong><em>21</em></strong></span> <span class='ocrx_word' id='word_1_355' title='bbox 1180 4165 1332 4242; x_wconf 67' lang='grc' dir='ltr'><strong><em>Τυνδάρεω</em></strong></span> <span class='ocrx_word' id='word_1_356' title='bbox 1350 4167 1422 4232; x_wconf 89' lang='lat' dir='ltr'>libri,</span> 
     </span>
     <span class='ocr_line' id='line_1_38' title="bbox 166 4245 1423 4325; baseline 0.003 -21"><span class='ocrx_word' id='word_1_357' title='bbox 166 4255 274 4317; x_wconf 77' lang='lat' dir='ltr'>praeter</span> <span class='ocrx_word' id='word_1_358' title='bbox 292 4251 320 4303; x_wconf 90' lang='lat' dir='ltr'><strong>M</strong></span> <span class='ocrx_word' id='word_1_359' title='bbox 390 4256 423 4307; x_wconf 78' lang='lat'><strong><em>22</em></strong></span> <span class='ocrx_word' id='word_1_360' title='bbox 440 4245 507 4308; x_wconf 84' lang='grc' dir='ltr'><strong><em>κατ’</em></strong></span> <span class='ocrx_word' id='word_1_361' title='bbox 526 4247 638 4310; x_wconf 66' lang='grc' dir='ltr'><strong><em>αίτδί</em></strong></span> <span class='ocrx_word' id='word_1_362' title='bbox 690 4245 782 4325; x_wconf 78' lang='grc' dir='ltr'><strong><em>ἅσπερ</em></strong></span> <span class='ocrx_word' id='word_1_363' title='bbox 800 4255 848 4308; x_wconf 85' lang='grc' dir='ltr'><strong><em>ΒΤ</em></strong></span> <span class='ocrx_word' id='word_1_364' title='bbox 916 4248 1167 4325; x_wconf 63' lang='grc' dir='ltr'><strong><em>κλυταιμήτρανῖ</em></strong></span> <span class='ocrx_word' id='word_1_365' title='bbox 1237 4256 1269 4306; x_wconf 83' lang='grc'><strong><em>23</em></strong></span> <span class='ocrx_word' id='word_1_366' title='bbox 1288 4248 1423 4322; x_wconf 82' lang='grc' dir='ltr'><strong><em>διδύμονσ</em></strong></span> 
     </span>
     <span class='ocr_line' id='line_1_39' title="bbox 167 4332 1422 4412; baseline 0.003 -25"><span class='ocrx_word' id='word_1_367' title='bbox 167 4351 216 4388; x_wconf 72' lang='lat' dir='ltr'><strong><em>omv</em></strong></span> <span class='ocrx_word' id='word_1_368' title='bbox 236 4337 259 4387; x_wconf 88' lang='grc' dir='ltr'>Τ</span> <span class='ocrx_word' id='word_1_369' title='bbox 330 4341 362 4392; x_wconf 84' lang='grc'><strong><em>26</em></strong></span> <span class='ocrx_word' id='word_1_370' title='bbox 380 4335 515 4410; x_wconf 79' lang='grc' dir='ltr'><strong><em>γενέσθαι</em></strong></span> <span class='ocrx_word' id='word_1_371' title='bbox 534 4334 565 4410; x_wconf 69' lang='grc' dir='ltr'><strong><em>δὴ</em></strong></span> <span class='ocrx_word' id='word_1_372' title='bbox 583 4333 716 4410; x_wconf 77' lang='grc' dir='ltr'><strong><em>ἁρπαγὴν</em></strong></span> <span class='ocrx_word' id='word_1_373' title='bbox 732 4340 758 4394; x_wconf 91' lang='lat' dir='ltr'>V</span> <span class='ocrx_word' id='word_1_374' title='bbox 776 4339 911 4412; x_wconf 82' lang='grc' dir='ltr'><strong><em>γενέσθαι</em></strong></span> <span class='ocrx_word' id='word_1_375' title='bbox 928 4333 960 4411; x_wconf 79' lang='grc' dir='ltr'><strong><em>δὴ</em></strong></span> <span class='ocrx_word' id='word_1_376' title='bbox 979 4332 1068 4409; x_wconf 81' lang='grc' dir='ltr'><strong><em>αὖτῆσ</em></strong></span> <span class='ocrx_word' id='word_1_377' title='bbox 1091 4333 1225 4410; x_wconf 76' lang='grc' dir='ltr'><strong><em>ἁρπαγὴν</em></strong></span> <span class='ocrx_word' id='word_1_378' title='bbox 1243 4336 1266 4390; x_wconf 86' lang='grc' dir='ltr'>Τ</span> <span class='ocrx_word' id='word_1_379' title='bbox 1284 4337 1422 4410; x_wconf 83' lang='grc' dir='ltr'><strong><em>γενέσθαι</em></strong></span> 
     </span>
     <span class='ocr_line' id='line_1_40' title="bbox 167 4415 1353 4495; baseline 0.002 -21"><span class='ocrx_word' id='word_1_380' title='bbox 167 4420 196 4475; x_wconf 82' lang='grc' dir='ltr'><strong><em>δὲ</em></strong></span> <span class='ocrx_word' id='word_1_381' title='bbox 220 4416 309 4490; x_wconf 81' lang='grc' dir='ltr'><strong><em>αὐτῆσ</em></strong></span> <span class='ocrx_word' id='word_1_382' title='bbox 332 4416 466 4495; x_wconf 76' lang='grc' dir='ltr'><strong><em>ἁρπαγὴν</em></strong></span> <span class='ocrx_word' id='word_1_383' title='bbox 490 4423 548 4488; x_wconf 89' lang='lat' dir='ltr'><strong><em>UB,</em></strong></span> <span class='ocrx_word' id='word_1_384' title='bbox 573 4437 642 4478; x_wconf 79' lang='lat' dir='ltr'>corr,</span> <span class='ocrx_word' id='word_1_385' title='bbox 661 4423 779 4479; x_wconf 86' lang='lat' dir='ltr'>Dindorf</span> <span class='ocrx_word' id='word_1_386' title='bbox 897 4428 929 4478; x_wconf 81' lang='lat'><strong><em>29</em></strong></span> <span class='ocrx_word' id='word_1_387' title='bbox 955 4417 1108 4495; x_wconf 86' lang='grc' dir='ltr'><strong><em>άφιέναιΤ</em></strong></span> <span class='ocrx_word' id='word_1_388' title='bbox 1131 4415 1246 4480; x_wconf 79' lang='grc' dir='ltr'><strong><em>άπιέναι</em></strong></span> <span class='ocrx_word' id='word_1_389' title='bbox 1268 4423 1353 4478; x_wconf 77' lang='lat' dir='ltr'>ceteri</span> 
     </span>
     <span class='ocr_line' id='line_1_41' title="bbox 168 4498 653 4578; baseline 0.01 -21"><span class='ocrx_word' id='word_1_390' title='bbox 168 4507 199 4557; x_wconf 86' lang='lat'><strong><em>30</em></strong></span> <span class='ocrx_word' id='word_1_391' title='bbox 219 4498 307 4561; x_wconf 78' lang='grc' dir='ltr'><strong><em>αὐτὸν</em></strong></span> <span class='ocrx_word' id='word_1_392' title='bbox 324 4507 456 4563; x_wconf 88' lang='lat' dir='ltr'>Rhodom.</span> <span class='ocrx_word' id='word_1_393' title='bbox 487 4502 574 4578; x_wconf 75' lang='grc' dir='ltr'><strong><em>αὐτὴν</em></strong></span> <span class='ocrx_word' id='word_1_394' title='bbox 591 4508 653 4563; x_wconf 89' lang='lat' dir='ltr'>libri</span> 
     </span>
    </p>
   </div>
   <div class='ocr_carea' id='block_1_4' title="bbox 0 0 1538 5160">
    <p class='ocr_par' dir='ltr' id='par_1_4' title="bbox 0 0 1538 5160">
     <span class='ocr_line' id='line_1_42' title="bbox 0 0 1538 5160; baseline 0 4"><span class='ocrx_word' id='word_1_395' title='bbox 0 0 1538 5160; x_wconf 95' lang='lat' dir='ltr'><strong><em> </em></strong></span> 
     </span>
    </p>
   </div>
  </div>
 </body>
</html>
