3068 5160
596 335 733 394 οειτιο
753 338 813 395 vn.
1086 412 1088 418 ,
1273 337 1332 396 ιον

80 510 198 573 δεινόν.
243 509 385 592 βλέπετε
407 512 469 595 γάρ
494 511 591 572 αὐτοὶ
613 507 789 595 δήπουθεν
811 515 865 574 ύτι
881 515 919 574 τδ
935 518 1119 596 γυμνάσιον
1134 516 1212 593 ύμῖν
1234 518 1334 599 ἀρυυ-
1346 513 1385 576 39

78 634 140 697 ραν
164 616 410 698 πεποιήκασιν,
439 614 526 675 ὥστε
548 614 606 674 τδν
625 604 788 698 Ἡρακλέα
810 616 868 676 καί
890 612 1012 690 ἀλλους
1034 612 1237 701 ἀνδριάντας
1261 634 1335 696 συχ-

79 717 157 789 νούς
172 716 240 776 ύπδ
257 723 319 776 τού
331 715 458 800 θέρους
473 714 748 799 ἀποκεκρύφθαι,
764 717 844 790 τούς
858 719 918 795 μέν
933 719 1063 802 ήρώων,
1079 719 1158 791 τούς
1175 714 1210 779 δέ
1226 719 1334 781 θεῶν·

77 818 134 878 καὶ
161 819 215 878 ὅτι
240 808 326 878 καθ’
359 820 486 901 ήμέραν
516 817 558 878 τὰ
581 823 643 877 τού
663 818 807 901 ῥήτορος
829 819 949 878 τούτου
972 818 1129 901 πρόβατα
1152 820 1262 882 ἐωθεν
1284 821 1335 895 εἰς

42 932 56 978 5
78 921 137 1003 τήν
156 919 281 1003 ἀγοράν
297 914 458 998 ἐμβάλλει
471 919 528 980 καί
541 921 765 997 κατανέμεται
779 913 859 998 <τά>
872 919 952 1002 περὶ
966 920 1004 979 τύ
1027 915 1264 1004 βουλευτήριον
1279 924 1335 985 καί

78 1021 119 1081 τά
142 1021 275 1104 ἀρχεῖα·
300 1022 387 1082 ὥστε
409 1022 488 1094 τούς
511 1026 648 1104 πρῶτον
671 1016 949 1104 ἐπιδημήσαντας
972 1017 1086 1096 ξένους
1108 1023 1187 1095 τούς
1202 1024 1262 1101 μὲν
1277 1045 1334 1084 κα-

78 1119 217 1203 ταγελᾶν
239 1131 299 1208 τῆς
323 1119 465 1198 πόλεως,
489 1123 568 1195 τούς
592 1118 627 1182 δὲ
652 1122 810 1205 οἰκτίρειν
834 1122 945 1206 αύτήν.
1035 1119 1139 1184 πάλιν
1155 1123 1213 1185 οδν
1229 1132 1333 1186 ταῦτα

78 1226 282 1299 ἀκούσαντες
305 1219 484 1306 ώργίζοντο
508 1224 595 1307 πρὸς
611 1225 736 1285 ἐκεῖνον
751 1223 808 1285 καί
829 1224 1027 1308 ἐθορύβουν.
1115 1225 1172 1286 καὶ
1193 1233 1333 1288 τοιαῦτα
1345 1223 1385 1282 40

79 1333 189 1388 ποιῶν
212 1328 292 1400 τούς
313 1323 553 1411 ταλαιπώρους
572 1321 713 1398 ἰδιώτας
729 1323 839 1386 οἴεται
855 1323 925 1387 δεῖν
941 1325 1139 1407 ἀπαγαγεῖν,
1164 1327 1217 1387 ἵνα
1234 1324 1334 1412 δήλου

29 1440 56 1488 10
79 1431 132 1489 ὅτι
153 1425 271 1512 μηδεὶς
294 1423 473 1511 ἐργάζηται
493 1428 532 1487 τδ
558 1423 695 1502 λοιπόν,
726 1418 802 1488 ἀλλ’
829 1429 944 1507 οἱμὲν
967 1424 1031 1504 ἔξω
1056 1423 1278 1510 λῃστεύωσιν,
1302 1433 1336 1491 οὶ

80 1522 112 1591 δ’
138 1532 173 1591 ἐν
201 1538 243 1613 τῇ
273 1526 374 1590 πόλει
397 1525 651 1590 λωποδυτῶσιν.
696 1529 773 1608 ε’μσί
796 1525 848 1606 δέ,
878 1531 962 1614 ἐφη,
996 1526 1093 1590 δοκεῖ
1114 1531 1254 1604 τούτους
1277 1533 1335 1594 ἐάν

79 1623 137 1715 ἐφ’
164 1631 215 1704 οῖς
239 1631 335 1692 αὐτοὶ
357 1631 598 1715 πεποιήκασιν,
620 1627 869 1705 ὑποτελοῦντας
883 1633 922 1691 τύ
939 1627 1061 1693 λοιπὸν
1083 1633 1164 1693 ύσον
1186 1636 1334 1716 μέτριον,

79 1733 158 1815 περὶ
181 1728 216 1792 δὲ
240 1739 307 1793 τῶν
329 1732 529 1816 ἔμπροσθεν
561 1729 743 1815 προσόδων
767 1739 952 1814 συγγνῶναι
975 1734 1107 1809 αὐτοῖς,
1136 1736 1190 1795 ὅτι
1212 1736 1335 1819 ἐρημον

10 1845 63 1897 λιι)
77 1837 133 1896 καὶ
156 1836 289 1918 ἀχρεῖον
311 1835 558 1918 γεωργήσοντες
580 1835 639 1918 τήν
660 1841 721 1918 γήν
742 1830 976 1914 κατελάβοντο.
1015 1835 1073 1895 ἐάν
1094 1832 1130 1896 δέ
1152 1839 1252 1921 τιμήν
1275 1839 1335 1900 θέ-

26 1947 53 1996 15
78 1934 163 1998 λωσι
178 1933 381 2017 καταβαλεῖν
397 1943 459 1996 τοῦ
469 1937 606 2019 χωρίου,
626 1932 830 1996 ἀποδόσθαι
846 1935 962 2010 αὐτοῖς
977 1932 1156 2010 ἐλάττονος
1170 1939 1190 2022 ἢ
1206 1936 1333 2015 ἀλλοις.

78 2041 237 2112 εἰπόντος
269 2035 305 2099 δέ
329 2038 433 2098 αύτού
453 2044 611 2112 τοιαῦτα,
640 2033 746 2096 πάλιν
775 2036 794 2096 ὁ
821 2031 858 2110 ἐξ
879 2036 982 2121 ἀρχῆς
1002 2039 1129 2111 ἐκεῖνος
1151 2034 1382 2122 ἀντέλεγεν,41

78 2142 134 2221 καή
155 2136 390 2222 ἐλοιδοροῦντο
421 2139 481 2200 ἐπὶ
510 2135 608 2198 πολύ.
652 2134 749 2210 τέλος
778 2133 813 2197 δέ
838 2137 896 2198 καὶ
917 2138 975 2216 ἐμὲ
999 2135 1149 2202 ἐκέλευον
1173 2143 1283 2204 εἰπεῖν
1305 2146 1334 2220 δ,

79 2262 112 2301 τι
134 2237 311 2320 βούλομαι.
619 2288 621 2292 1

164 2343 233 2404 Kal
254 2343 289 2403 τί
309 2362 361 2422 με,
384 2343 480 2426 ἔφην,
505 2338 561 2403 δεῖ
579 2337 686 2422 λέγειν
693 2362 705 2415 ,·
726 2341 822 2424 Πρὸς
844 2341 885 2401 τά
909 2344 1077 2426 εἰρημένα,
1101 2343 1180 2405 εἶπέ
1200 2365 1253 2419 τις
1267 2352 1335 2408 τῶν

25 2456 56 2504 20
77 2445 289 2528 καθημένων.
332 2442 458 2505 Ούκούν
475 2439 569 2524 λέγω,
593 2443 688 2526 ἔφην,
712 2445 765 2503 ὅτι
781 2442 885 2504 ούθέν
908 2440 1038 2528 ἀληθές
1060 2447 1152 2507 ἐστιν
1176 2445 1222 2508 ὧν
1245 2446 1333 2533 εἴρη-

75 2567 138 2607 κεν.
183 2547 348 2627 ἐγὼμὲν,
378 2544 404 2606 ώ
429 2542 565 2628 ἀνδρες,
591 2544 733 2605 ἐνύπνια
757 2535 866 2628 ᾤμην,
890 2546 991 2629 έφην,
1016 2547 1111 2629 ύράν,
1134 2548 1257 2632 ἀγρούς
1278 2544 1384 2612 καί42

74 2650 189 2727 κώμας
211 2649 268 2709 καλ
289 2655 430 2709 τοιαῦτα
455 2643 694 2732 φλυαροῦντος.
731 2649 828 2727 ήμεῖς
845 2642 880 2707 δὲ
898 2646 973 2707 υύτε
987 2649 1102 2731 κώμην
1124 2648 1242 2728 ἔχομεν
1258 2651 1333 2714 ούτε

76 2751 207 2823 ἵππους
231 2749 306 2811 ούτε
329 2750 425 2824 ύνους
449 2749 524 2810 ούτε
546 2749 636 2828 βούς.
682 2745 758 2808 εἴθε
780 2748 843 2832 γάρ
869 2744 909 2832 ήν
932 2750 1018 2826 ἔχειν
1040 2753 1126 2834 ήμάς
1148 2753 1211 2812 ὅσα
1236 2749 1334 2828 οὗτος

75 2849 185 2933 ἔλεγεν
208 2852 335 2932 ἀγαθά,
360 2853 414 2912 ἴνα
436 2852 493 2912 καὶ
507 2851 585 2929 ύμῖν
601 2845 772 2927 ἐδώκαμεν
786 2850 843 2911 καί
859 2850 955 2911 αὐτοὶ
970 2856 1037 2912 τῶν
1051 2854 1226 2936 μακαρίων
1241 2850 1332 2938 ήμεν.

28 2965 55 3013 25
78 2956 134 3014 καὶ
156 2954 197 3012 τά
213 2960 270 3013 νύν
287 2950 322 3014 δέ
340 2955 420 3014 ύυτα
435 2957 513 3034 ημῖν
531 2952 627 3012 ἱκανά
643 2953 746 3027 ἐστιν,
769 2948 806 3028 ἐξ
828 2949 874 3013 ών
897 2949 933 3013 εἴ
950 2972 984 3014 τι
1006 2950 1175 3033 βούλεσθε
1199 2952 1332 3037 λάβετε·

75 3056 135 3114 κάν
166 3057 278 3113 πάντα
307 3051 465 3137 ἐθέλητε,
495 3057 592 3136 ήμεῖς
620 3055 716 3135 ἕτερα
744 3054 953 3137 κτησόμεθα.
1083 3057 1143 3118 ἐπὶ
1164 3058 1271 3139 τούτῳ
1296 3055 1331 3121 δὲ

76 3153 122 3236 τῴ
155 3152 239 3235 λόγῳ
270 3152 449 3238 ἐπῄνεσαν.
500 3152 574 3215 εἶτα
603 3155 763 3238 ἐπηρώτα
792 3176 834 3234 με
864 3157 882 3216 ύ
911 3157 1021 3238 ἄρχων
1049 3158 1084 3219 τί
1113 3154 1330 3243 δμνησύμεθα
1341 3157 1381 3219 43

77 3254 194 3317 δοῦναι
216 3253 263 3337 τῷ
288 3252 401 3340 δήμῳ,·
428 3255 535 3335 κάγώ,
568 3259 743 3338 Τέσσαρα,
773 3257 874 3341 έφην,
903 3253 1047 3341 ἐλάφεια
1072 3254 1220 3343 δέρματα
1243 3265 1332 3324 πάνυ

75 3356 169 3419 καλά.
210 3359 243 3418 οἱ
266 3354 301 3418 δέ
326 3353 449 3418 πολλοὶ
471 3357 580 3418 αύτῶν
595 3353 767 3438 ἐγέλασαν.
806 3358 824 3417 ύ
841 3354 876 3418 δέ
892 3359 1003 3440 ἅρχων
1023 3363 1230 3447 ήγανάκτησε
1246 3366 1333 3447 πρός

22 3472 54 3520 30
76 3481 126 3539 με.
175 3460 225 3520 Τά
248 3460 310 3543 γάρ
334 3461 462 3543 ἀρκεια,
485 3459 581 3543 ἔφην,
606 3455 730 3543 σκληρά
754 3459 847 3519 ἐστιν
868 3460 925 3520 καὶ
947 3461 988 3521 τά
1011 3464 1150 3544 τράγεια
1173 3464 1231 3523 ούκ
1253 3460 1331 3539 ἀξια

76 3565 215 3640 τούτων,
239 3558 324 3623 ἀλλα
349 3559 384 3623 δέ
408 3557 551 3637 παλαιά,
574 3561 616 3621 τά
640 3556 675 3622 δὲ
691 3561 793 3644 μικρά
812 3560 937 3622 αὐτῶν·
960 3563 992 3622 εἰ
1015 3559 1051 3623 δὲ
1074 3560 1252 3642 βούλεσθε,
1274 3565 1331 3625 κά-

163 3809 332 3883 λβλὲπεται
351 3807 372 3863 U
391 3824 428 3862 m.
446 3823 488 3877 pr.
574 3802 641 3877 ύμῖν
659 3808 752 3863 om.P
839 3805 932 3867 θάπὸ
951 3825 1002 3879 pro
1019 3803 1077 3867 ὑπὸ
1095 3810 1150 3866 ΒΜ
1233 3831 1264 3868 τε
1282 3827 1331 3882 pro

75 3900 127 3953 τοῦ
143 3896 166 3950 Ρ
253 3900 268 3948 5
287 3889 440 3967 ἐμβάλλειν
457 3892 479 3946 Ρ
565 3888 602 3950 τὰ
620 3892 681 3947 add.
701 3892 802 3948 Reiske
888 3897 905 3948 6
922 3888 995 3952 τοὺσ
1013 3891 1151 3967 πρύτυοσ
1167 3896 1241 3963 libri,
1260 3912 1331 3952 corr.

74 3982 181 4036 selden.
198 3979 337 4047 (Cobetus)
394 3973 431 4035 τὰ
449 3977 502 4046 μὲν
519 3992 571 4046 pro
589 3972 661 4034 τοὺσ
677 3977 814 4047 μένΰια.
832 3995 873 4048 pr.
927 3981 1136 4052 καταγελῶνΡ
1195 3982 1331 4040 Ίοίκτεί-

75 4086 135 4137 ρειν
151 4065 212 4119 libri
264 4059 351 4122 πάλιν
369 4052 447 4120 αδΰ
516 4065 608 4119 9δεῖν
625 4055 745 4134 ἀγαγεῖν
762 4062 810 4118 UB
829 4059 879 4134 δήν
896 4057 1056 4136 ἀγαγεῑνΜ
1129 4072 1160 4120 10
1177 4063 1331 4141 ἐργάσηται

73 4153 145 4206 Um.
158 4151 251 4220 pr.,B
322 4137 506 4219 λῃστεύουσιν
523 4146 602 4203 UBM
667 4152 697 4202 11
716 4151 930 4205 λωποδυτοῦσιν
947 4147 1019 4204 Um.
1031 4166 1082 4220 pr„
1099 4151 1154 4205 ΒΜ
1219 4155 1249 4208 13
1268 4171 1331 4225 συγ-

74 4236 189 4291 νῶναιΡ
235 4228 491 4306 14γεωργήσοντες
500 4230 627 4297 Gasaub„
636 4228 852 4305 γεωργήσαντες
860 4234 924 4288 libri
966 4231 1165 4308 κατεβάλοντο
1178 4235 1294 4306 Um.pr.

77 4324 107 4374 16
125 4317 210 4377 πάλιν
229 4320 259 4387 ἐξ
274 4324 336 4386 (om.
357 4313 385 4383 δ)
404 4318 427 4373 U
445 4333 480 4372 m.
496 4331 538 4385 pr.
609 4310 743 4388 ἀντέλεγε
760 4316 809 4371 ΡΗ
881 4323 912 4374 19
930 4322 988 4376 δεῖν
1004 4318 1084 4374 ΡΗΜ
1154 4324 1183 4374 21
1205 4317 1285 4397 ᾤμην
1300 4323 1330 4378 in

74 4404 305 4460 Hacorrectore
322 4403 443 4458 additum
531 4395 649 4473 δρῶνΡ
719 4405 751 4454 23
768 4392 804 4473 ἦν
821 4404 917 4460 om.U
939 4419 974 4458 m.
998 4420 1055 4474 pr..
1080 4404 1133 4458 ΒΜ
1220 4409 1253 4460 26
1274 4404 1331 4465 κάν

75 4492 213 4544 corrector
229 4488 255 4544 U
272 4489 300 4543 in
319 4502 416 4542 rasura
485 4490 518 4540 30
536 4483 596 4542 ἐστι
612 4486 662 4540 ΡΗ
701 4531 703 4536 ,
731 4489 763 4541 31
784 4483 874 4544 τάλλα
894 4487 944 4544 UB
