3068 5160
211 303 272 361 218
677 302 801 357 DIONIS
820 302 998 357 VENATOR

209 481 240 539 εί
262 482 306 564 μή
332 476 571 564 διεφθείροντο
597 479 629 538 οἱ
653 474 792 552 πλείους
815 486 881 540 τῶν
904 481 938 540 ἐν
961 483 1037 552 ταῖς
1060 480 1166 552 οὕτως
1181 479 1399 562 τρυφώσαις
1424 479 1481 536 πό-

210 577 283 641 λεσι
305 586 521 662 γιγνομένων,
553 582 610 640 άτε
640 577 796 659 οὐδαμῶς
824 580 920 660 οἶμαι
949 579 1126 660 δαιμονίου
1149 581 1385 660 τυγχάνοντες
1410 580 1481 640 έπι-

130 685 189 746 148
206 679 357 763 μελείας,
391 679 486 744 οὐδέν
515 683 555 742 ἀν
584 679 706 743 ἐκώλυε
736 686 848 744 πάντα
877 683 984 762 μεστά
1007 685 1125 765 ήρώων
1148 681 1245 742 εἶναι.
1296 689 1361 742 νῦν
1390 677 1429 742 δὲ
1452 683 1481 741 οί

207 786 268 863 μέν
286 781 495 845 ἀπόλλυνται
514 793 734 869 παραχρῆμα·
758 788 834 846 ὅσοι
856 775 887 845 δ)
914 785 954 845 ἀν
968 786 1025 846 καί
1042 790 1186 869 φανῶσι,
1208 785 1329 868 κρύφα
1348 784 1390 844 έν
1409 778 1480 844 δού-

207 884 266 947 λοι·
297 888 440 970 σχήματι
471 891 628 965 μένουσιν
658 888 735 971 ἄχρι
763 889 888 971 γήρως,
922 889 980 947 άτε
1011 883 1107 947 οὐδέν
1129 886 1250 960 αὐτούς
1276 882 1506 964 δυναμένωνί

207 995 273 1049 τῶν
298 991 510 1072 σπειράντων
536 986 782 1073 προσωφελεῖν.
913 988 980 1050 εἷεν
1004 986 1060 1073 δή,
1091 979 1173 1069 παρ’
1201 986 1253 1060 οἷς
1284 987 1329 1046 ἀν
1355 987 1480 1047 καὶτὰ

129 1095 188 1157 149
210 1093 289 1173 περὶ
311 1091 372 1164 τὰς
392 1092 495 1174 κόρας
518 1091 625 1162 οὕτως
647 1087 766 1163 ἁπλῶς
788 1092 855 1174 ἔχῃ,
881 1093 916 1152 τί
934 1093 995 1175 χρή
1021 1086 1214 1173 προσδοκᾶν
1236 1090 1322 1162 τσδς
1341 1091 1479 1171 κόρους,

207 1194 312 1266 ποίας
334 1193 426 1266 τινὸς
449 1188 609 1264 παιδείας
631 1193 687 1252 καί
709 1193 839 1276 ἀγωγῆς
862 1194 1050 1272 τυγχάνειν;
1076 1182 1157 1251 ἔσθ’
1189 1192 1287 1263 ὅπως
1317 1191 1366 1252 ἀν
1392 1191 1478 1251 ἀπό-

208 1312 322 1372 σχοιτο
339 1301 398 1378 τῆς
413 1299 479 1353 τῶν
496 1294 643 1375 ἀρρένων
668 1290 777 1377 λώβης
799 1295 855 1354 καὶ
879 1293 1018 1377 φθοράς
1040 1296 1078 1353 τό
1101 1312 1137 1374 γε
1153 1289 1349 1354 ἀκόλαστον
1369 1298 1477 1374 γένος,

205 1404 324 1456 τοῦτον
349 1397 461 1456 ἱκανόν
483 1396 539 1456 καί
563 1404 654 1480 σαφῆ
679 1398 911 1479 ποιησάμενον
937 1397 1015 1476 όρον
1038 1396 1096 1456 τόν
1118 1403 1177 1479 της
1201 1397 1361 1478 φύσεως,
1399 1389 1475 1458 ἀλλ’
1495 1406 1512 1455 11

206 1499 264 1557 υόκ
286 1498 326 1557 ἀν
349 1494 634 1576 ἐμπιμπλάμενον
659 1500 770 1558 πάντα
793 1500 921 1579 τρόπον
945 1505 1003 1581 τῆς
1026 1497 1105 1578 περὶ
1124 1500 1282 1577 γυναῖκας
1299 1497 1476 1582 ἀκρασίας

206 1597 360 1682 διακορὲς
388 1601 564 1679 γενόμενον
592 1608 651 1683 της
679 1596 801 1683 ήδονής
831 1601 954 1682 ταύτης
984 1593 1097 1682 ζητοίη
1128 1601 1244 1680 ἑτέραν
1272 1594 1388 1677 μείζω
1420 1604 1475 1664 καί

126 1707 186 1768 150
205 1705 494 1784 παρανομωτέραν
517 1703 630 1782 δβριν,·
660 1703 706 1774 ὡς
731 1702 772 1760 τά
795 1719 830 1781 γε
852 1707 1033 1780 γυναικῶν,
1064 1701 1173 1760 αὐτῶν
1197 1696 1318 1777 σχεδόν
1342 1723 1383 1763 τι
1408 1710 1474 1764 τῶν

204 1800 393 1886 ἐλευθέρων
415 1805 471 1864 καί
494 1804 688 1886 παρθένων,
712 1804 819 1885 ἐφάνη
843 1798 946 1884 ῥηίδια
969 1803 1025 1862 καὶ
1049 1798 1158 1874 οὐδεὶς
1177 1803 1285 1875 πόνος
1309 1802 1474 1886 θηρῶντι

202 1907 286 1985 μετά
311 1903 459 1967 πλοότου
482 1907 542 1990 τήν
566 1902 701 1965 τοιάνδε
723 1905 852 1988 θήραν·
881 1900 957 1963 οὐδὲ
981 1904 1040 1964 ἐπὶ
1062 1903 1123 1978 τὰς
1146 1906 1234 1965 πάνυ
1260 1905 1395 1983 σεμνάς
1418 1909 1474 1968 καὶ
1491 1915 1511 1964 15

204 2015 333 2087 σεμνῶν
363 2007 410 2090 τῴ
441 2010 512 2069 όντι
542 2012 699 2088 γυναῖκας
724 2008 779 2066 καί
803 2005 993 2086 θυγατέρας
1015 2007 1110 2079 ὅστις
1133 2007 1173 2067 ἀν
1197 2004 1230 2089 ἴῃ
1255 2008 1317 2067 σάν
1340 2016 1388 2092 τῇ
1413 2017 1474 2070 τοῦ

202 2112 288 2184 Διός
309 2118 455 2195 μηχανῇ,
477 2112 600 2193 χρυσόν
622 2109 706 2187 μετά
727 2112 843 2190 χεῖρας
867 2111 994 2191 φέρων,
1019 2108 1056 2167 ori
1078 2109 1211 2192 μήποτε
1234 2109 1469 2194 ἀποτυγχάνῃ.

124 2217 180 2276 151
198 2205 289 2272 Ἀλλ’
317 2214 400 2272 αὐτά
425 2230 491 2271 που
515 2212 556 2271 τά
582 2208 686 2270 λοιπά
711 2207 794 2295 δῆλα
827 2209 920 2291 παρὰ
944 2206 1087 2283 πολλοῖς
1108 2212 1296 2290 γιγνόμενα.
1341 2203 1382 2273 Ὁ
1406 2214 1469 2295 γάρ

202 2311 377 2397 ἄπληστος
399 2321 466 2374 τῶν
489 2315 653 2374 τοιούτων
676 2312 888 2390 ἐπιθυμιῶν,
919 2314 998 2372 όταν
1027 2308 1131 2395 μηδὲν
1154 2313 1287 2395 εὑρίσκῃ
1315 2316 1469 2378 σπάνιον

200 2413 285 2499 μηδὲ
309 2417 495 2476 ἀντιτεῖνον
518 2416 553 2474 έν
576 2415 688 2494 ἐκείνῳ
713 2411 759 2494 τῴ
776 2418 872 2494 γένει,
895 2415 1156 2498 καταφρονήσας
1177 2421 1239 2474 τοῦ
1259 2410 1387 2497 ῥᾳδίου
1414 2419 1470 2478 καί
1488 2426 1533 2477 bb*

202 2519 371 2597 ἀτιμάσας
387 2519 445 2602 τήν
469 2518 503 2577 ἐν
527 2520 602 2589 ταῖς
624 2512 772 2596 γυναιξὶν
784 2504 989 2598 Ἀφροδίτην
1013 2517 1059 2588 ὡς
1081 2518 1216 2594 έτοιμον
1239 2511 1279 2600 δή
1303 2538 1385 2579 τινα
1410 2521 1467 2581 καί

201 2619 248 2702 τῴ
278 2623 350 2682 όντι
378 2615 486 2704 θῆλυν
514 2614 688 2691 παντελῶς
717 2617 776 2678 ἐπὶ
804 2619 862 2701 τήν
886 2614 1085 2700 ἀνδρωνῖτιν
1106 2617 1353 2701 μεταβήσεται,
1382 2623 1466 2695 τούς

201 2719 365 2805 άρξοντας
377 2723 505 2782 αὐτίκα
528 2717 618 2799 μάλα
641 2720 697 2780 καί
720 2716 920 2791 δικάσοντας
941 2720 997 2779 καί
1021 2721 1315 2803 στρατηγήσοντας
1332 2722 1462 2782 ἐπιθυ-

121 2826 181 2886 151
197 2832 269 2903 μῶν
297 2826 547 2901 καταισχύνειν,
578 2823 624 2894 ὡς
653 2817 777 2881 ἐνθάδε
808 2839 874 2880 που
905 2822 943 2880 τό
971 2816 1121 2898 χαλεπόν
1146 2822 1202 2882 καί
1225 2817 1463 2907 δυσπόριστον

200 2928 349 3010 εὑρήσων
379 2932 445 2986 τῶν
472 2921 602 3008 ήδονῶν
631 2920 738 2997 εἶδος,
768 2927 841 2995 τοῖς
863 2923 946 3002 ἀγαν
970 2919 1179 3005 φιλοπόταις
1200 2923 1256 2983 καὶ
1280 2921 1467 3009 οἰνόφλυξι
1487 2937 1511 2986 15

378 3093 656 3100 .-—....--....-—---
661 3091 791 3098 --—---
799 3092 816 3096 --
823 3092 833 3096 -
857 3091 877 3096 A..
1047 3091 1120 3096 —...-
1128 3091 1220 3096 ,-1.»...--.
1232 3092 1235 3095 .
1251 3091 1266 3096 -ι
1301 3092 1462 3102 .-—-.-—..-

287 3180 299 3229 1
320 3174 346 3231 εἰ
362 3175 430 3246 μηδὲ
447 3172 623 3247 ἐφθείροντο
642 3173 668 3229 U
686 3189 721 3227 m.
740 3188 790 3240 pr.‚
810 3173 832 3225 B
919 3163 995 3229 οὕτω
1013 3172 1062 3227 UB
1150 3161 1242 3238 οδτως
1259 3179 1325 3228 ante
1344 3173 1379 3232 ἐν
1397 3186 1464 3244 ταῖς

199 3260 431 3327 transponendum
518 3263 533 3312 3
552 3253 676 3314 ἐκώλυεν
692 3257 717 3312 U
736 3253 837 3314 ἐκάλεε
854 3256 876 3309 Ρ
963 3262 979 3310 4
997 3254 1131 3326 φθάνωσι
1150 3257 1249 3312 Reiske
1266 3260 1463 3328 probabiliter,

198 3334 264 3402 ὅσοι
282 3340 309 3400 δ’
328 3340 365 3400 ἀν
381 3342 546 3418 ἐκτραφῶσι
565 3343 683 3398 Cobetus
770 3335 946 3397 5αάτοῖσῐ]
1035 3339 1234 3413 1χρὴοω.Ρ
1313 3346 1461 3423 τίιεεχρὴ

196 3433 268 3495 (cum
286 3443 382 3484 rasura
399 3433 414 3482 1
433 3430 581 3493 literarum)
599 3427 624 3482 U
643 3429 669 3483 τί
686 3423 718 3497 δὴ
735 3421 790 3497 χρὴ
809 3426 831 3479 Β
919 3429 933 3479 8
952 3420 1019 3503 ἔσθ’
1036 3417 1128 3484 άτιωσ
1145 3427 1166 3480 Ρ
1245 3421 1417 3502 ἀπόσχοιτο
1439 3435 1461 3487 Ρ

196 3509 376 3586 ἀπόσχοιντο
396 3516 479 3570 ceteri
564 3519 580 3568 9
598 3508 711 3584 βλάβησ
728 3515 777 3568 καὶ
795 3515 916 3584 φθοράσ
933 3512 954 3564 Ρ
1040 3507 1076 3568 τό
1094 3531 1127 3568 τε
1145 3513 1166 3565 Ρ
1263 3518 1292 3568 11
1312 3512 1461 3584 ἐμπιπλά-

195 3619 285 3670 μενον
297 3600 368 3666 libri,
386 3599 530 3669 praeterU
585 3593 744 3666 άκρατείασ
756 3596 835 3649 ΡΗΜ
848 3589 992 3668 ἀκρατίασ
1005 3596 1027 3650 U
1041 3613 1076 3650 m.
1090 3613 1140 3666 pr.‚
1159 3597 1182 3650 Β
1194 3591 1338 3669 ἀκρασίας
1358 3617 1459 3672 apogr.

195 3701 250 3741 rec.
323 3690 352 3740 11
370 3687 419 3741 καὶ
436 3681 614 3753 διακορὲσῐί
666 3679 820 3753 γινόμενον
832 3680 880 3734 ΡΗ
932 3683 1026 3751 ζητεῖν
1043 3681 1092 3734 ΡΗ
1164 3685 1194 3736 13
1212 3678 1249 3739 τά
1267 3684 1460 3758 τεΰω.ρε.,

194 3838 249 3890 ΒΜ
302 3831 380 3908 αὐτῷ
393 3837 510 3901 (ieelim,
529 3834 680 3889 malimxai
693 3828 788 3889 αὐτῶν
840 3853 871 3889 τε
884 3833 953 3902 libri,
966 3849 1035 3888 corr.
1048 3834 1149 3890 Reiske
1163 3789 1459 3915 (σχεδδδέῖλλδθέρων

194 3922 224 3977 P.
244 3922 377 3976 incertum
395 3943 422 3978 τι
439 3937 474 3975 an
493 3926 535 3984 τε)
615 3925 645 3973 15
664 3919 753 3971 malim
772 3911 841 3974 ἀλλ’
861 3911 925 3974 οὐδὲ
1013 3924 1044 3974 16
1062 3911 1134 3992 ἀνή
1157 3915 1208 3977 σὺν
1225 3921 1282 3978 UM
1299 3919 1337 3980 ἀν
1355 3923 1385 3981 εἰ
1402 3922 1458 3984 σὺν

194 4006 275 4073 ΡΗΒ,
295 4022 364 4061 corr.
383 4006 484 4060 Reiske
573 4009 601 4057 11
622 3996 656 4060 οὐ
674 4019 726 4058 om.
744 4003 825 4058 MPH
915 3997 1103 4090 ἀποτυγχάνη
1117 4011 1143 4077 (η
1161 4022 1178 4061 a
1195 4023 1230 4062 m.
1248 4011 1315 4073 εσυ.)
1333 4007 1360 4064 U
1380 4004 1459 4070 ἀπο·

194 4106 326 4182 τυγχάνει
344 4108 399 4163 ΒΜ
470 4110 500 4162 18
515 4100 544 4164 Ὀ
560 4104 617 4179 γάρ
635 4122 668 4160 ex
687 4106 755 4161 coni.
775 4106 872 4172 scripsi
896 4099 939 4162 ὥσ
958 4097 1009 4179 δγε
1028 4107 1078 4162 UB
1101 4098 1177 4166 ὥστε
1194 4109 1225 4163 Μ
1244 4101 1295 4183 ίίγε
1312 4114 1378 4176 (om.
1399 4108 1457 4180 άσ)

193 4195 244 4248 ΗΥ
264 4186 316 4252 δσε
339 4198 413 4261 (mrg.
434 4183 550 4264 Syn?
638 4196 669 4246 19
688 4187 889 4248 ἀπλειστοσΰ
976 4187 1117 4263 εὑρίσκειν
1140 4194 1161 4247 Ρ
1186 4189 1302 4278 εδρίσκη
1328 4202 1354 4269 (η
1379 4214 1399 4254 a
1418 4217 1464 4255 m..

192 4301 259 4361 see.)
277 4297 303 4352 U
372 4300 401 4349 11
423 4288 565 4363 ἀτιμάσας
583 4293 612 4350 δὲ
630 4287 681 4365 τήν
700 4292 770 4348 Um.
783 4309 835 4362 pr.‚
854 4294 907 4348 ΒΜ
977 4299 1009 4349 13
1028 4291 1174 4370 ἀρξαντασ
1190 4301 1219 4352 et
1235 4313 1297 4353 mox
1315 4295 1455 4358 δικάσαν·

193 4401 249 4438 τασ
265 4386 294 4435 et
311 4378 568 4452 στραιηγήσαντασ
579 4378 649 4443 libri,
667 4383 776 4448 praeter
795 4378 864 4433 Um.
878 4394 933 4433 sec.
1004 4384 1037 4434 14
1048 4379 1270 4454 κατεσχῦνεινΡ
1341 4387 1375 4438 15
1390 4391 1454 4443 τῶν

192 4463 304 4539 ἡδονῶν
323 4461 451 4538 εὑρήσειν
468 4466 530 4530 (hoc
549 4465 617 4529 orti)
637 4463 659 4518 U
729 4459 806 4519 είδοσ
819 4479 870 4518 om.
891 4464 963 4517 PHY
981 4461 1065 4522 είδάσ
1084 4467 1113 4520 Μ
