3068 5160
593 309 729 366 ORATIO
747 310 796 364 xl.
1261 313 1321 371 135

68 485 147 559 τούς
177 485 354 562 ποταμούς
383 485 542 568 ἐφιέντος
570 476 629 544 ἐπ’
661 487 741 546 αὐτὸ
771 487 827 547 καί
857 486 1107 569 ἀφανίσαντας·
1144 488 1162 548 δ
1186 491 1322 550 πάντων

66 586 314 649 πιθανώτατόν
342 587 432 661 ἐστι,
462 583 737 672 κατακλυσθῆναι
765 588 806 648 τά
835 585 981 667 θεμέλια
1004 597 1066 650 τοῦ
1086 592 1225 668 τείχους.
1272 591 1323 651 ἔτι

69 686 130 771 γὰρ
159 687 217 748 καί
245 694 301 748 νῦν
325 688 359 748 οί
382 689 532 767 ποταμοί
555 683 752 766 λιμνάζουσι
774 692 831 750 τόν
854 692 962 750 τόπον
984 691 1041 751 καὶ
1064 688 1151 751 πολύ
1174 700 1235 776 τῆς
1256 692 1322 752 θα-

70 780 192 870 λάττης
221 791 486 874 προσκεχώκασι.
589 791 646 850 τόν
677 786 712 850 ἀὲ
744 787 865 851 λοιπὸν
891 794 1011 874 χρόνον
1034 792 1075 852 τά
1098 795 1159 872 μέν
1182 794 1373 858 ἐποίουνΤί

34 882 51 947 i
69 894 190 965 κακῶς,
212 891 253 951 τά
277 885 309 952 δ’
336 891 496 968 ἔπασχον,
520 891 575 952 καί
597 893 702 969 μάχαι
720 893 780 970 μέν
798 893 835 952 ού
851 888 977 953 πολλαί
992 894 1144 973 ἐγένοντο
1161 897 1196 955 ἐκ
1213 914 1323 978 παρα-

69 985 214 1066 τάξεως·
238 993 276 1053 ού
298 992 360 1075 γάρ
378 992 547 1076 ἐθάρρουν
564 997 745 1076 προσιέναι
761 995 847 1075 πρὸς
864 996 922 1078 τήν
939 991 1041 1056 πόλιν
1057 992 1113 1056 ἀιά
1130 999 1167 1057 τὸ
1185 993 1323 1081 πλῆθος

67 1093 126 1155 καί
147 1094 208 1178 τήν
230 1090 386 1177 ἀνδρείαν
408 1101 475 1156 τῶν
499 1091 655 1156 ἐνάοθεν·
680 1092 922 1178 ἀκροβολισμοὶ
946 1094 980 1157 ἐέ
1003 1099 1057 1159 καί
1073 1095 1240 1159 κλωπεῖαι
1255 1106 1322 1159 τῶν

64 1184 242 1279 Ἑλλήνων·
277 1197 332 1257 καί
363 1193 515 1279 Τρωίλος
550 1217 585 1257 τε
620 1198 727 1271 ούτιος
755 1195 971 1282 ἀποθνῄσκει
1001 1204 1085 1272 παῖς
1114 1201 1159 1261 ὠν
1188 1201 1239 1260 ἔτι
1267 1201 1323 1261 καὶ

67 1296 224 1381 Μήστωρ
247 1298 303 1358 καί
324 1293 422 1358 ἄλλοι
446 1295 593 1371 πλείους.
631 1295 670 1382 ἦν
693 1300 754 1382 γὰρ
780 1301 797 1359 ὁ
810 1290 979 1377 Ἀχιλλεύς
1001 1298 1192 1384 ἐνεδρεῦσαι
1216 1298 1321 1362 ἀεινό-

16 1402 47 1457 12
66 1416 171 1471 τατος
198 1398 255 1459 καί
282 1401 398 1472 νυκτός
427 1400 632 1460 ἐπιθέσθαι.
678 1402 760 1462 όθεν
784 1400 930 1462 Αίνείαν
959 1423 995 1462 τε
1026 1404 1132 1476 οὕτως
1161 1399 1320 1464 ἐπελθὼν
1331 1406 1371 1469 78

68 1494 184 1581 ὀλίγον
208 1501 403 1562 ἀπέκτεινεν
426 1503 460 1562 ἐν
483 1509 524 1584 τῇ
536 1492 601 1585 Ἴάῃ
624 1504 680 1564 καί
703 1500 851 1578 πολλούς
874 1500 996 1578 ἀλλους
1018 1505 1102 1564 κατὰ
1125 1506 1184 1589 τήν
1199 1507 1323 1589 χώραν,

65 1603 124 1663 καί
145 1608 214 1663 τῶν
239 1605 410 1686 φρουρίων
432 1597 508 1686 ᾕρει
531 1603 572 1662 τά
594 1611 704 1678 κακῶς
728 1602 978 1689 φυλαττόμενα·
1003 1602 1079 1666 ούάἐ
1102 1606 1164 1689 γάρ
1187 1615 1246 1691 τῆς
1264 1615 1323 1691 γῆς

67 1704 276 1786 ἐπεκράτουν
300 1705 333 1764 οἱ
352 1695 482 1783 Ἀχαιοὶ
505 1696 581 1765 ἀλλ’
606 1707 625 1789 ἢ
649 1709 752 1784 μόνον
775 1715 836 1768 τοῦ
859 1705 1100 1791 στρατοπέάου.
1146 1710 1322 1792 τεκμήριον

67 1800 122 1865 ἀέ·
153 1805 192 1865 ού
222 1805 284 1888 γάρ
314 1807 355 1866 ἀν
385 1824 469 1868 ποτε
502 1804 654 1890 Τρωίλος
683 1805 747 1884 ἔξω
776 1816 838 1869 τοῦ
864 1810 994 1886 τείχους
1022 1804 1236 1889 ἐγυμνάζετο,
1266 1812 1322 1870 καὶ

15 1916 46 1967 15
65 1913 172 1968 ταῦτα
195 1906 326 1989 μακράν
345 1907 414 1968 ἀπό
431 1916 490 1992 τῆς
506 1905 649 1985 πόλεως,
674 1899 745 1970 οὐδ’
765 1911 805 1971 ἀν
821 1912 1003 1994 ἐγεώργουν
1019 1912 1077 1995 τήν
1093 1912 1320 1994 Χερρόνησον,

10 2009 117 2082 ιιίιὼς
139 2004 344 2089 ὁμολογοῦσι
368 2011 508 2085 πάντες,
538 2008 634 2094 εἴπερ
658 2013 816 2094 ἐκράτουν
839 2020 898 2096 τῆς
925 2009 1100 2094 Τρῳάδος,
1124 2002 1197 2072 ούύ’
1223 2012 1263 2072 ἀν
1286 2013 1322 2071 ἐκ

66 2111 213 2195 Λήμνου
238 2108 329 2183 οἶνος
352 2105 522 2188 ἐκομίζετο
548 2112 671 2185 αὐτοῖς.
709 2119 817 2186 κακῶς
835 2109 869 2172 ἀέ
888 2117 1082 2196 φερομένων
1097 2120 1163 2173 τῶν
1176 2104 1320 2191 Ἀχαιῶν
1332 2119 1372 2180 79

65 2214 103 2273 ἐν
126 2209 173 2292 τῷ
198 2207 336 2292 πολέμῳ
360 2213 415 2273 καὶ
437 2210 580 2296 μήάενός
603 2215 851 2294 ἀποβαίνοντος
875 2213 921 2275 ὥν
942 2211 1108 2298 ἤλπισαν,
1132 2211 1216 2274 ἀλλά
1242 2231 1321 2293 συμ-

65 2316 184 2395 μάχων
206 2314 434 2396 ἐπιρρεόντων
458 2315 510 2376 ἀεὶ
533 2321 605 2388 τοῖς
624 2318 737 2398 Τρωσί
760 2313 937 2392 πλειόνων,
963 2313 1080 2395 λοιμός
1103 2318 1209 2378 τεκαὶ
1226 2313 1322 2397 λιμός

13 2426 44 2477 w
66 2416 190 2490 αύτούς
213 2411 325 2492 ἐπίεζε
347 2419 403 2479 καί
428 2419 547 2491 στάσις
569 2420 698 2498 ἐγένετο
722 2424 788 2479 τῶν
811 2421 997 2500 ήγεμόνων,
1021 2422 1104 2502 ὅπερ
1129 2418 1253 2480 εἴωθεν
1277 2421 1322 2492 ὡς

65 2519 106 2578 τὸ
135 2515 223 2579 πολύ
254 2521 434 2602 γίγνεσθαι
460 2523 533 2592 τοῖς
562 2526 671 2592 κακῶς
701 2523 925 2603 πράττουσιν,
963 2522 1000 2580 ού
1032 2526 1104 2594 τοῖς
1131 2529 1320 2604 κρατοῦσιν.

66 2617 232 2702 ὁμολογεῖ
250 2618 285 2683 ἀέ
309 2631 413 2684 ταῦτα
436 2623 492 2682 καί
507 2613 669 2705 Ὅμηρος·
701 2618 776 2682 ούάἐ
800 2623 861 2705 γὰρ
885 2619 1024 2683 ε’ἀύνατο
1049 2625 1160 2682 πάντα
1184 2619 1370 2706 τάλήθήΒΟ

66 2724 361 2808 ἀποκρύψασθαι·
385 2725 419 2784 ἐν
444 2723 496 2797 οἷς
515 2741 600 2806 φησι
617 2725 674 2784 τόν
687 2715 916 2803 Ἀγαμέμνονα
932 2720 1108 2806 ἐκκλησίαν
1125 2728 1322 2804 συναγαγεῖν

65 2832 135 2887 τῶν
147 2816 318 2910 Ἑλλήνων,
344 2828 389 2899 ὡς
412 2821 587 2900 ἀπάξοντα
611 2827 648 2884 τό
675 2826 874 2907 στράτευμα,
899 2820 998 2909 δῆλον
1021 2827 1073 2885 ότι
1089 2832 1150 2884 τοῦ
1164 2821 1322 2909 πλήθους

13 2936 45 2989 n
61 2924 223 3008 χαλεπῶς
247 2932 411 3013 φέροντος
433 2928 489 2987 καί
512 2927 652 2987 ἀπιέναι
673 2922 889 3006 βουλομένου,
912 2928 968 2988 καί
989 2929 1047 2987 τὸν
1063 2923 1159 3004 ὄχλον
1176 2927 1323 3011 ὁρμήσαι

66 3032 156 3114 πρὸς
179 3030 240 3103 τὰς
262 3036 360 3103 ναῦς·
384 3031 442 3089 τάν
467 3025 502 3088 ἀέ
519 3031 675 3111 Νέστορα
697 3030 753 3090 καί
775 3019 1008 3088 τόνὈάυσσέα
1030 3033 1208 3107 κατασχεῖν
1224 3025 1323 3108 μόλις

65 3132 229 3213 μαντείαν
251 3131 327 3193 τινὰ
352 3126 648 3213 προβαλλομένους
670 3132 726 3191 καί
749 3127 861 3210 όλίγον
882 3129 969 3190 εἶναι
981 3132 1101 3214 χρόνον
1119 3132 1321 3214 φάσκοντας,

67 3233 107 3295 ὃν
136 3229 272 3294 ἐδέοντο
303 3233 412 3294 αὐτῶν
438 3234 631 3310 ὑπομεῖναι.
676 3234 734 3292 τόν
758 3228 792 3291 ἀέ
815 3234 935 3309 μάντιν
959 3233 1086 3292 τούτων
1105 3223 1369 3312 Ἀγαμέμνων81

67 3337 104 3396 ἐν
127 3340 200 3408 τοῖς
223 3336 292 3395 ἀνω
317 3335 418 3395 ἔπεσί
442 3350 528 3417 φησι
550 3330 653 3416 μηδὲν
678 3335 820 3393 πώποτε
844 3329 973 3416 ἀληθὲς
994 3334 1236 3411 μαντεύεσθαι.

157 3537 168 3584 1
190 3524 330 3602 ἀφιέντασ
347 3532 396 3587 UB
416 3528 546 3601 ἀφένιασ
564 3529 587 3581 Τ
658 3533 672 3581 2
691 3519 916 3585 ἀπιθανώτατον
933 3528 1002 3595 libri,
1020 3534 1128 3597 praeter
1145 3531 1170 3584 V
1239 3530 1323 3599 θεμέ·

67 3622 132 3674 λεια
149 3617 179 3670 Μ
258 3607 532 3690 4προκεχωρήκασι
549 3614 619 3680 libri,
639 3629 709 3668 corr.
728 3612 861 3668 Rhodom.
949 3614 1010 3670 5δέ
1028 3609 1199 3684 ἔπασχονῖ
1268 3613 1322 3686 ἐγί-

68 3701 200 3760 νοντοΤ
272 3698 463 3774 παρατάξεων
480 3698 552 3763 libri,
571 3714 640 3753 corr.
658 3698 738 3766 Emp.
826 3693 910 3768 ῖτὴν
928 3693 1047 3755 ἔνδοθεν
1064 3699 1113 3754 UB
1189 3703 1321 3756 κλοπεῖαι

69 3787 146 3845 UBV
233 3782 401 3856 9μνήστωρ
418 3784 492 3840 UBT
581 3783 615 3837 ef.
637 3787 665 3839 Ω
684 3786 780 3851 255εα.
852 3787 883 3836 10
902 3802 933 3839 τε
951 3777 1088 3841 ἀπελθὼν
1107 3773 1202 3839 ούτωσ
1222 3776 1322 3854 ὀλίγον

69 3874 134 3941 (hoc
151 3870 264 3936 ord.)V
317 3869 352 3926 cf.
375 3873 492 3935 Y89sq.
547 3861 685 3925 ἀπελθὼν
702 3867 757 3921 VM
811 3865 960 3939 11είδηΜ
1014 3873 1045 3924 12
1063 3867 1269 3939 φρουρείωνΜ

70 3950 277 4030 φυλασσόμενα
293 3953 369 4009 UVT
440 3958 469 4006 15
487 3949 707 4024 χερόννησονΒ
778 3951 811 4005 cf.
830 3952 917 4008 Thuc.
936 3954 948 4005 I
969 3960 996 4008 il
1063 3959 1092 4007 17
1111 3953 1254 4021 λίμνουῑλ

69 4041 102 4096 ll.
114 4040 169 4096 VII
182 4043 231 4093 467
286 4043 317 4093 19
331 4041 423 4095 τεκαὶ
441 4032 542 4106 λειμὸσ
554 4037 583 4090 Μ
637 4040 669 4090 20
687 4034 785 4092 ἐπίεσε
802 4035 876 4091 ΠΒΤ
894 4034 1010 4093 ἐπίεσεν
1022 4038 1084 4102 VM,
1104 4053 1172 4092 corr.
1191 4037 1270 4105 Emp.

70 4114 171 4196 ὅσπερ
188 4123 262 4177 UBT
314 4126 343 4175 21
364 4123 496 4194 γίνεσθαι
514 4122 565 4177 UV
616 4118 817 4192 πράττουσιῖ
875 4125 907 4174 22
923 4115 1088 4192 ἠδύνατολί
1158 4125 1189 4174 25
1209 4114 1322 4178 ἀπεῖναι

70 4210 127 4264 VM
197 4212 228 4262 27
248 4206 532 4280 προβαλομένουσῐ]
602 4209 633 4260 28
651 4201 803 4278 μάντηνῐ]
872 4201 981 4262 τούτων
997 4211 1078 4272 (corr.
1097 4206 1254 4273 roitoviv

71 4298 104 4349 29
122 4296 187 4364 post
197 4289 390 4364 μαντεύεσθαι
407 4306 532 4360 magnam
549 4291 625 4346 hiare
643 4293 768 4346 lacunam
780 4290 844 4343 mihi
857 4290 1034 4345 certissimum
1051 4296 1101 4345 est.
1131 4292 1222 4347 Verba
1240 4291 1322 4361 μὲρχι

71 4379 124 4448 μὲν
148 4409 181 4418 -
200 4372 333 4450 ἁρπαγὴν
355 4377 558 4445 transponenda
581 4383 644 4430 sunt
665 4381 729 4445 post
752 4371 862 4446 ἡλικίαν
885 4370 1003 4441 ἑλόντος
1025 4393 1051 4446 p.
1074 4380 1130 4443 138,
1154 4380 1191 4432 18.
1231 4376 1323 4431 Verba

73 4457 126 4520 οὐκ
144 4455 236 4520 αύτὸσ
253 4463 481 4532 -μονομαχίαν
498 4460 687 4529 interpolatori
703 4460 793 4514 tribuo
