3068 5160
676 332 812 389 ORATIO
830 331 930 386 XXXI.
1361 329 1422 390 235

167 511 330 593 γενέσθαι
354 506 429 588 δίχα
449 510 683 594 ψηφίσματος,
706 510 867 569 ἁπάντων
883 509 975 586 ὑγιῶν
991 507 1216 584 πεισθέντων,
1240 508 1278 568 τό
1296 503 1331 567 δὲ
1347 507 1423 569 έθει

167 614 235 674 τινί
259 613 451 691 συμβαίνει,
477 612 538 672 κάν
562 612 611 673 ἑνὶ
633 607 712 694 δόξῃ
736 613 840 689 μόνον
847 632 859 684 ,·
882 605 969 693 πλήν
992 610 1010 669 ό
1032 628 1069 689 γε
1091 609 1176 692 ἔφην
1200 611 1253 670 ότι
1276 604 1423 692 δημοσίᾳ

168 722 273 776 ταῦτα
297 715 558 797 ἀναγέγραπται,
580 715 637 775 καὶ
660 715 697 774 οά
720 715 824 792 μόνον
847 713 882 772 έν
904 715 977 785 τοῖς
999 711 1238 794 ψηφίσμασιν,
1262 707 1423 772 ἀλλὰκαὶ

167 805 225 878 ἐπ’
255 818 363 877 αὐτῶν
386 822 453 876 τῶν
476 817 630 892 εἰκόνων,
661 818 700 876 τό
729 835 765 875 τε
796 815 901 892 όνομα
923 820 986 874 τοῦ
1006 813 1212 897 τιμηθέντος
1233 813 1289 874 καί
1311 814 1349 873 τά
1374 809 1424 874 δε-

134 931 148 978 5
176 917 318 980 διοκέναι
340 920 398 979 τόν
422 914 536 1003 δῆμον,
559 919 616 980 καὶ
636 920 764 978 τούτων
781 913 885 977 πάλιν
908 918 943 977 έν
958 912 1005 996 τη]
1023 912 1174 998 δημοσίῳ
1191 918 1360 993 κειμένων.

169 1024 222 1082 ότι
244 1020 356 1081 τοίνυν
379 1020 482 1081 οὐθέν
505 1022 580 1081 έστι
601 1022 639 1081 τό
663 1027 721 1105 τῆς
744 1019 948 1104 ἀπογραφῆς
972 1013 1048 1078 οὐδὲ
1064 1018 1102 1077 τό
1119 1018 1154 1077 έν
1168 1014 1270 1097 κοινῷ
1285 1017 1425 1078 κεῖσθαι
1438 1022 1476 1080 54

170 1124 257 1205 πρός
279 1124 317 1182 τό
340 1124 384 1206 γιή
409 1129 475 1183 τῶν
499 1119 689 1207 εἰληφότων
712 1120 901 1195 εἶναιτοὺς
924 1117 1126 1204 ἀνδριάντας
1142 1115 1251 1179 πάλαι
1265 1120 1326 1197 μὲν
1343 1117 1426 1193 ἴσως

169 1226 314 1306 ὑπάρχει
344 1220 460 1308 δήλον·
491 1215 566 1284 ἀλλ’
604 1224 689 1283 ὥστε
720 1214 801 1306 μηδ)
837 1225 1053 1307 ἐπιχειρῆσαι
1085 1217 1213 1305 μηδένα
1242 1221 1425 1295 ἀντειπεῖν,

171 1329 276 1388 έκεῖνο
292 1328 370 1405 ὑμῖν
387 1328 461 1408 έρῶ.
501 1324 574 1386 ἴστε
591 1343 657 1385 που
673 1327 751 1398 τούς
763 1317 946 1408 Ἐφεσίους,
970 1326 1023 1384 ὅτι
1046 1320 1157 1384 πολλά
1173 1324 1328 1406 χρήματα
1345 1312 1422 1405 παρ’

118 1438 149 1488 10
173 1430 288 1502 αὐτοῖς
310 1431 392 1503 ἐστι,
416 1428 457 1487 τά
480 1429 541 1505 μέν
564 1424 727 1502 ἰδιωτῶν,
752 1427 958 1505 ἀποκείμενα
981 1428 1016 1486 ἰν
1039 1423 1087 1506 τῴ
1110 1420 1172 1505 νεῲ
1197 1433 1256 1508 τής
1275 1416 1426 1506 Ἀρτέμι-

171 1528 238 1606 δος,
264 1531 321 1590 οάκ
341 1521 502 1613 Ἐφεσίων
524 1531 643 1607 μόνον,
668 1525 753 1588 ἀλλά
775 1530 832 1589 καί
854 1525 956 1604 ξένων
978 1528 1122 1588 καὶτῶν
1145 1526 1277 1586 ὁπόθεν
1300 1522 1427 1608 δήποτε

170 1633 384 1714 ἀνθρώπιον,
408 1631 449 1690 τά
473 1627 508 1690 δὲ
531 1632 588 1691 καί
611 1626 724 1714 δήμων
745 1631 802 1691 καί
823 1626 1008 1710 βασιλέων,
1038 1629 1059 1688 ἀ
1082 1628 1224 1689 τιθέασι
1247 1629 1371 1700 πάντες
1395 1628 1429 1686 οἱ

169 1734 323 1807 τιθέντες
347 1728 538 1817 ἀσφαλείας
556 1734 673 1815 χάριν,
698 1729 833 1804 οὐδενός
857 1728 1079 1792 οὐδεπώποτε
1102 1727 1333 1814 τολμήσαντος
1355 1724 1428 1788 ἀδι-

169 1844 271 1921 κήσαι
293 1838 350 1897 τὸν
374 1837 498 1910 τόπον,
527 1835 639 1894 καίτοι
667 1835 724 1895 καὶ
750 1830 909 1911 πολέμων
931 1830 993 1916 ἠδη
1016 1833 1145 1914 μυρίων
1168 1833 1352 1911 γεγονότων
1374 1832 1430 1890 καὶ

117 1947 146 1998 15
172 1935 336 2011 πολλάκις
359 1934 506 2019 ἀλούσης
529 1944 587 2020 τής
603 1933 745 2008 πόλεως.
785 1935 901 1995 οὐκοῦν
918 1927 987 2016 [ὡς]
1005 1935 1132 2013 ὅτιμὲν
1148 1935 1183 1993 ἰν
1205 1929 1305 2013 κοινῷ
1322 1936 1430 1992 κεῖται

171 2041 213 2101 τά
233 2042 310 2123 χρη
298 2060 388 2118 ιατα
413 2033 513 2121 δήλόν
537 2039 644 2096 ἐστιν·
675 2033 760 2097 ἀλλὰ
782 2037 839 2097 καὶ
863 2032 916 2118 δη
916 2036 1010 2116 ιοσ
1032 2033 1116 2093 κατά
1140 2032 1200 2106 τὰς
1224 2034 1429 2118 ἀπογραφάς

172 2142 256 2213 ἔθος
280 2161 363 2200 αυτα
379 2158 453 2210 τοις
465 2130 633 2221 Εφεσιοις
656 2137 936 2250 ἀπογράφεσθαι.
975 2137 1009 2196 τί
996 2136 1106 2210 ίοόν,·
1130 2135 1195 2219 ἀρα
1210 2155 1246 2216 γε
1268 2136 1325 2196 καὶ
1348 2132 1428 2214 λαμ·
1440 2138 1480 2198 55

172 2243 332 2320 ἀάνουσιν
356 2237 392 2316 ἐξ
415 2240 534 2315 αὐτῶν,
558 2242 637 2300 όταν
659 2220 685 2322 ᾗ
701 2241 797 2323 χρεία
820 2259 882 2312 τις,
905 2239 924 2322 ἠ
950 2232 1159 2312 δανείζονται
1181 2245 1275 2319 γοῦν,
1304 2237 1428 2316 ότάχα

174 2339 265 2418 δόξει
287 2339 371 2426 μηδ
374 2364 391 2403 ν
357 2340 503 2403 έεῖναι
527 2338 654 2415 δεινόν,·
677 2333 752 2401 ἀλλ’
785 2339 882 2420 οἶμαι
905 2343 1071 2424 πρότερον
1093 2341 1134 2400 ἂν
1157 2336 1348 2424 περιέλοιεν
1371 2341 1429 2400 τόν

121 2457 151 2506 10
174 2447 300 2524 κόσμον
323 2453 381 2530 τής
403 2445 492 2505 θεοῦ
513 2445 593 2528 πρὶν
615 2444 634 2527 ἠ
658 2445 785 2503 τούτων
809 2443 984 2524 ἅψασθαι.
1023 2443 1136 2503 καίτοι
1158 2443 1237 2516 τούς
1255 2432 1430 2526 Ἐφεσίους

175 2547 232 2606 οὐκ
255 2548 295 2607 ἀν
323 2545 455 2608 εἴποιτε
485 2547 739 2628 εὐπορωτέρους
767 2546 886 2606 αὐτῶν.
931 2536 1126 2605 τούναντίον
1154 2544 1216 2626 γάρ
1247 2545 1341 2622 ὑγιεῖς
1369 2545 1431 2622 μὲν

173 2650 228 2710 καὶ
251 2651 416 2732 πρότερον
438 2643 496 2731 ἠτε
520 2645 776 2710 πλουσιώτατοι
797 2654 864 2709 τῶν
885 2638 1044 2729 Ἑλλήνων
1072 2648 1129 2706 καί
1151 2653 1207 2706 νῦν
1230 2647 1281 2706 ἔτι
1303 2643 1430 2723 μᾶλλόν

173 2752 264 2810 ἐστε·
289 2751 434 2823 έκείνους
458 2746 493 2810 δὲ
519 2747 655 2811 πολλῶν
682 2751 774 2810 ἔστιν
804 2745 889 2809 ἰδεῖν
917 2743 1179 2830 καταδεέστερον
1209 2745 1430 2830 πράττοντας.

173 2854 216 2936 μή
241 2854 353 2913 τοίνυν
376 2854 406 2912 εἰ
429 2853 538 2913 ἐκεῖνα
567 2855 628 2931 μέν
656 2853 749 2912 ἔστιν
772 2847 958 2912 ἀνελέσθαι
981 2853 1053 2923 τοῖς
1075 2849 1189 2925 θεῖσι,
1220 2857 1279 2932 τής
1303 2849 1430 2922 εἰκόνος
1442 2851 1481 2913 56

123 2966 152 3014 15
176 2950 211 3013 δέ
237 2953 353 3026 ου’θείς
377 2955 483 3027 οὕτως
505 2955 578 3014 έστί
600 2961 659 3038 τής
682 2957 805 3013 ἑαυτοῦ
825 2955 948 3036 κύριος,
970 2953 1027 3013 καὶ
1049 2944 1118 3035 [μή]
1144 2953 1182 3011 τὸ
1200 2958 1337 3035 πρᾶγμα
1355 2952 1430 3012 ἀνό-

175 3072 273 3130 γιοιον
296 3055 488 3137 ἠγήσησθε·
511 3056 549 3114 τό
573 3055 635 3137 γάρ
658 3057 701 3139 μή
728 3047 830 3114 πάντ)
856 3056 960 3128 εὐθὺς
983 3063 1041 3138 τής
1065 3050 1198 3127 πόλεως
1221 3052 1372 3114 εἶναιτὰ
1396 3055 1431 3114 έν

175 3152 275 3234 κοινιγ]
300 3155 434 3232 κείμενα
457 3157 512 3215 καί
536 3152 701 3238 δημοσίας
725 3157 928 3240 ἀπογραφῆς
946 3158 1086 3233 τυχόντα
1104 3152 1213 3231 δεῖξαι
1227 3152 1431 3235 βουλόμενος

177 3257 223 3328 ὡς
246 3258 340 3336 τόπῳ
364 3257 448 3316 κατὰ
471 3263 570 3317 τοῦτο
593 3259 793 3342 ἐχρησάμην.
831 3260 869 3318 τὸ
886 3262 1002 3336 μέντοι
1024 3258 1158 3340 μηθένα
1183 3260 1269 3340 πρὸς
1292 3254 1374 3318 ἀλλο
1397 3278 1431 3318 τι

176 3358 235 3441 τήν
259 3359 370 3418 εἰκόνα
394 3360 479 3436 ἔχειν
501 3360 520 3442 ἠ
544 3360 582 3419 τό
607 3361 747 3420 ἑστάναι
766 3350 849 3441 παρ’
875 3361 963 3437 ὑμῖν,
988 3348 1120 3439 ᾦμόνφ
1140 3356 1361 3444 διαφέρουσιν
1379 3356 1432 3419 οὗ·

125 3471 155 3520 31)
177 3479 232 3520 τοι
254 3467 320 3520 τῶν
344 3462 416 3521 ἐκεῖ
433 3461 474 3521 τά
494 3462 649 3544 χρήματα
672 3461 849 3536 τιθέντων,
873 3461 924 3521 ἔτι
945 3455 1073 3538 μᾶλλον
1095 3462 1180 3543 ὑπὲρ
1205 3462 1314 3521 αὐτῶν
1329 3462 1431 3521 ἐστιν.

263 3729 277 3778 1
295 3728 344 3781 καί
361 3730 422 3794 (pro
439 3730 504 3789 καν)
523 3725 569 3791 Μν
656 3730 671 3779 8
690 3714 713 3780 ὦ
731 3744 764 3796 γε
782 3728 820 3790 (et
837 3725 909 3779 infra
926 3723 1071 3782 ἀντειπεῖν
1089 3721 1198 3794 οἰομαι)
1215 3725 1316 3780 Reisks
1334 3727 1433 3794 proba-

178 3810 267 3864 biliter
353 3815 444 3866 9που
461 3805 532 3866 τοὺσ
548 3808 590 3876 Jv,
609 3806 733 3866 τούτουσ
752 3809 789 3873 Μ,
808 3806 878 3867 τοὺσ
896 3814 957 3876 (σω.
975 3817 1041 3877 που)
1059 3809 1109 3863 ΒΕ
1198 3814 1227 3864 11
1255 3807 1369 3868 ὁπόθεν
1387 3808 1433 3883 δή·

180 3900 276 3951 ποθεν
299 3895 352 3949 ΒΜ
382 3888 496 3951 ὁπόθεν
525 3891 696 3966 ἀήποειθεν
719 3896 743 3949 Ε
768 3885 880 3953 διιοθεν
903 3893 1029 3965 δήποθεν
1050 3914 1079 3963 v3
1112 3911 1183 3950 corr.
1207 3896 1350 3964 Emperius

182 3985 210 4033 11
236 3974 255 4037 ά
278 3996 330 4035 om.
354 3980 414 4048 Mv3
443 3980 555 4037 τιθέασι
578 3980 608 4036 δὲ
630 3980 730 4035 Jacobs
854 3987 884 4035 15
906 3980 950 4038 όσ
979 3983 1090 4037 seclusit
1113 3980 1211 4049 Pflugk
1333 3985 1363 4035 17
1387 3985 1436 4037 καὶ

179 4081 230 4120 om.
250 4066 298 4118 ΒΕ
362 4069 393 4119 13
412 4069 521 4121 πολλοῦ
539 4082 555 4118 v
573 4060 684 4120 πολλὸν
701 4065 725 4118 Ε
744 4069 819 4134 (mrg.
832 4087 876 4140 γρ.
896 4072 1021 4133 πολλῶν)
1084 4071 1117 4120 14
1135 4063 1154 4138 ἠ
1171 4082 1220 4135 pro
1239 4065 1266 4123 εἰ
1275 4064 1346 4131 libri,
1365 4082 1434 4121 corr.

177 4150 295 4206 Casaub.
400 4153 432 4202 25
451 4146 511 4206 ἐστὶ
529 4150 568 4212 Ε,
593 4146 671 4205 ἐστὶν
689 4151 771 4205 ceteri
874 4147 911 4223 μή
930 4152 1043 4218 seclusi,
1063 4151 1143 4219 Emp.
1162 4157 1225 4204 ante
1242 4155 1291 4206 καὶ
1310 4157 1434 4219 transpo-

178 4236 260 4290 nsbat
374 4230 411 4292 ἀν
435 4225 540 4304 ὅμοιον
562 4235 609 4289 Mv
717 4239 750 4289 16
774 4232 809 4292 τά
832 4250 881 4304 pro
904 4231 980 4291 τὸν
1082 4238 1113 4288 11
1136 4227 1321 4308 βουλόμενοσ
1343 4236 1435 4311 τούτῳ

181 4315 254 4376 κατὰ
269 4321 315 4373 ΒΕ
328 4325 408 4393 βουλ.
429 4314 465 4376 δσ
483 4315 577 4393 τούτῳ
594 4314 669 4376 κατὰ
683 4319 712 4372 Μ
723 4325 803 4392 βουλ.
824 4313 859 4375 δν
877 4312 970 4394 τοάτῳ
988 4315 1061 4376 κατὰ
1074 4320 1122 4388 Jv‚·
1139 4315 1179 4386 ὡς
1191 4317 1270 4396 τόπῳ
1282 4321 1435 4390 Emperius.

178 4403 361 4459 scribendum:
380 4400 505 4476 τυχόντα
523 4401 703 4476 βουλόμενος
720 4399 759 4470 ἀς
776 4404 829 4470 (vel
847 4400 889 4469 (ἀς
905 4402 947 4468 έν)
964 4401 1044 4479 τύπῳ
1061 4408 1233 4472 καταδεῖξαι,
1251 4403 1345 4481 τούτῳ
1356 4405 1436 4478 ἐχρη-

179 4485 274 4559 σάμην
342 4485 429 4559 18μή
448 4488 537 4545 θέντα
555 4490 604 4543 ΒΕ
