3068 5160
228 330 268 390 48
691 329 813 385 DlONlS
831 329 882 384 Di}
900 329 1026 385 REGNO

228 505 411 586 ἀναγκαίας
434 499 562 584 νομίζει
584 507 639 568 καί
661 511 734 580 τοῖς
756 503 918 586 ἀμελοῦσι
940 512 1001 566 τοῦ
1022 503 1153 567 δικαίου
1181 507 1238 568 καί
1266 502 1495 587 βουλομένοις

228 609 409 690 τυραννεῖν,
426 607 457 667 εί
468 607 512 691 μὴ
525 608 666 684 τάχιστα
679 605 899 682 ἀπολοῦνται,
912 603 997 667 ἀλλά
1008 603 1204 685 καὶμᾶλλον
1215 608 1267 669 ἐτι
1280 609 1421 669 τούτων
1434 606 1493 691 όρᾷ

176 710 216 771 59
228 705 405 788 δεομένους
418 707 548 783 αὐτούς,
560 709 628 789 όσῳ
643 706 678 770 δέ
692 706 831 783 πλείους
841 710 902 787 μέν
915 709 982 787 ἔχει
993 710 1071 782 τούς
1082 715 1277 787 μισοῦντας,
1295 705 1446 784 πλείους
1458 708 1490 772 δέ

226 812 305 884 τούς
320 806 612 890 ἐπιβουλεύοντας,
633 807 752 872 οὐδένα
772 807 807 872 δέ
827 812 951 871 πιστδν
969 806 1046 871 οὐδὲ
1064 806 1257 894 κηδόμενον,
1274 813 1438 894 τοσούτῳ
1458 833 1490 894 γε

226 908 363 991 μᾶλλον,
386 912 418 972 εί
441 912 639 997 σωθὴσεταί
654 932 728 974 τινα
741 915 872 997 χρόνον,
887 913 943 973 καί
959 913 1187 996 ἀγρυπνητέον
1203 911 1294 974 εἶναι
1309 915 1370 975 καί
1389 933 1490 998 φρον-
1508 924 1520 972 5

226 1018 375 1090 τιστέον,
407 1015 454 1088 ὡς
476 1014 683 1094 ἀμυνόμενόν
706 1035 741 1075 τε
763 1016 807 1099 μὴ
832 1014 1006 1098 ἡττᾶσθαι
1035 1020 1102 1076 τῶν
1132 1010 1309 1093 πολεμίων
1332 1017 1395 1077 καί
1418 1017 1490 1077 έπι-

226 1112 467 1195 βουλευόμενον
495 1119 539 1202 μὴ
569 1118 701 1198 ἀγνοεῖν
729 1118 807 1189 τούς
836 1112 1135 1196 ἐπιβουλεύοντας,
1168 1118 1224 1177 καί
1257 1123 1327 1177 τῶν
1356 1114 1490 1202 ἡδονῶν

227 1218 391 1302 ἀφεκτέον
405 1220 461 1280 καί
475 1221 595 1302 γαστρί
609 1221 666 1280 καί
680 1220 773 1298 ύπνῳ
790 1219 847 1278 καί
862 1214 1083 1302 ἀφροδισίοις
1093 1215 1253 1296 ἐλάχιστα
1266 1224 1489 1302 προσεκτέον,

227 1312 256 1403 [ἡ
273 1317 320 1401 τῷ
338 1316 529 1403 φιλουμένῳ
545 1322 607 1400 μὲν
621 1321 689 1381 ύπό
707 1322 853 1395 πάντων,
876 1315 1002 1402 μηδένα
1017 1315 1052 1379 δέ
1068 1320 1178 1397 ἔχοντι
1193 1315 1489 1402 ἐπιβουλεύοντα]

177 1419 258 1482 boec
274 1417 309 1481 δέ
329 1418 386 1482 δεῖ
403 1421 464 1495 τάς
487 1422 589 1496 αὐτάς
611 1424 672 1501 μὲν
697 1417 880 1506 φροντίδας
903 1421 990 1498 ἐχειν
1012 1421 1031 1504 ἡ
1055 1417 1146 1500 (καί)
1168 1417 1319 1498 πλείους,
1343 1419 1440 1483 πολύ
1455 1420 1488 1485 δέ
1507 1431 1526 1481 ll

226 1517 360 1599 μείζους
383 1520 560 1601 ἀσχολίας,
591 1525 718 1602 ὁμοίως
742 1519 776 1583 δέ
800 1518 1023 1602 εὐλαβεῖσθαι
1046 1523 1107 1596 τάς
1128 1519 1268 1604 ἡδονάς,
1296 1524 1432 1603 ὁμοίως
1454 1521 1487 1586 δὲ

227 1625 305 1697 τούς
326 1621 499 1699 κινδύνους
522 1627 714 1704 ὑπομένειν,
738 1625 834 1703 πόσῳ
859 1643 894 1704 γε
916 1628 1066 1707 κρεῖττον
1088 1624 1173 1702 μετά
1190 1620 1414 1710 δικαιοσύνης
1435 1628 1487 1688 καί

227 1726 347 1811 ἀρετῆς
368 1727 388 1810 ἡ
412 1727 495 1806 μετά
519 1728 686 1812 πονηρίας
707 1726 764 1787 καί
782 1721 915 1799 ἀδικίας
931 1728 1043 1786 πάντα
1059 1733 1164 1786 ταῦτα
1180 1723 1412 1810 ἐπιτηδεύειν,
1434 1729 1486 1790 καί

225 1828 309 1905 μετά
338 1829 480 1890 ἐπαίνου
510 1820 714 1913 [φαίνεσθαι
742 1820 909 1909 τοιοῦτον]
939 1828 958 1911 ἡ
988 1827 1072 1906 μετά
1102 1829 1229 1908 ψόγου,
1257 1828 1485 1910 ἀγαπώμενον

225 1930 286 2006 μέν
308 1930 375 1991 ὑπό
393 1931 599 2015 ἀνθρώπιον,
623 1931 847 2013 ἀγαπώμενον
863 1926 899 1991 δέ
914 1931 982 1991 ύπό
998 1931 1101 2006 θεῶν,
1116 1930 1136 2014 ἡ
1152 1930 1351 1992 τούναντίον
1365 1934 1484 2010 μισού·
1503 1938 1525 1990 15

174 2030 212 2091 61
226 2051 326 2109 μενον
333 2054 345 2107 ,·
366 2034 423 2095 καί
444 2035 556 2095 τοίνυν
578 2035 616 2093 τδ
639 2034 700 2111 μὲν
723 2033 833 2116 παρόν
856 2032 960 2115 βραχύ
983 2053 1018 2092 τι
1039 2029 1086 2112 τῳ
1110 2032 1285 2116 ἀνθρώπῳ
1309 2033 1369 2095 καί
1385 2029 1483 2094 ἀσολ-

226 2129 391 2213 λόγιστον,
413 2140 544 2214 κατέχει
569 2132 604 2196 δὲ
627 2142 689 2196 τού
708 2135 784 2215 βίου
807 2136 845 2194 τό
870 2130 1031 2195 πλεῖστον
1053 2137 1073 2214 ἡ
1095 2134 1206 2217 μνὴμη
1229 2140 1296 2194 τῶν
1321 2151 1482 2217 προγεγο-

226 2237 332 2296 νότων
342 2237 398 2296 καί
410 2241 429 2317 ἡ
442 2243 508 2298 τῶν
520 2233 709 2316 μελλόντων
721 2233 829 2309 ἐλπίς.
854 2239 999 2319 πότερον
1012 2235 1069 2296 οὖν
1081 2239 1154 2296 τοῖν
1166 2231 1304 2316 ἀνδροῖν
1315 2236 1481 2320 ἡγώμεθα

226 2337 419 2421 εὐφραίνειν
431 2340 490 2422 τὴν
501 2341 633 2422 μνὴμην
643 2339 699 2399 καί
711 2340 856 2421 πότερον
872 2338 979 2412 ἀνιᾶν,
997 2337 1053 2397 καί
1066 2339 1211 2421 πότερον
1222 2336 1412 2421 θαρρύνειν
1424 2338 1482 2412 τάς

225 2434 369 2513 ἐλπίδας
379 2440 435 2500 καί
452 2442 597 2524 πότερον
608 2422 806 2524 ἐκπλήττειν
812 2460 824 2513 ;
846 2439 963 2499 οὐκούν
980 2439 1037 2499 καί
1053 2434 1173 2522 ἡδίονα
1192 2438 1316 2522 ἀνάγκη
1334 2441 1395 2500 τόν
1410 2440 1483 2520 βίον
1501 2448 1525 2498 i]

225 2538 313 2602 εἶναι
341 2548 402 2602 τού
429 2543 565 2623 ἀγαθοῦ
585 2539 762 2622 βασιλέως.

175 2641 215 2704 86
312 2640 430 2728 φιλίαν
458 2663 494 2726 γε
523 2646 588 2729 μὴν
617 2645 777 2705 ἁπάντων
806 2645 956 2722 νενόμικε
985 2649 1052 2704 τῶν
1082 2644 1186 2704 αὐτοῦ
1204 2643 1385 2726 κτημάτων
1407 2639 1482 2704 κάλ-

226 2740 341 2806 λιστον
368 2747 424 2807 καί
455 2749 646 2828 ἱερώτατον.
711 2746 748 2806 οὐ
783 2746 845 2829 γάρ
883 2746 989 2818 οὕτως
1019 2745 1157 2827 αἰσχρόν
1186 2742 1275 2805 εἶναι
1304 2735 1356 2824 [τό
1384 2745 1482 2825 βασι-

226 2840 344 2930 λεύειν]
373 2845 450 2909 οὐδὲ
481 2845 693 2909 ἐπικίνδυνον
718 2849 898 2931 χρημάτων
929 2847 1072 2929 ἀπορεῖν
1102 2847 1149 2919 ὡς
1179 2842 1305 2930 φίλων,
1337 2837 1413 2908 οὐδ’
1442 2847 1481 2908 ἀν

226 2948 332 3021 οὕτως
354 2956 396 3032 τῇ
413 2952 556 3033 χορηγίᾳ
577 2950 634 3010 καί
655 2953 728 3022 τοῖς
752 2944 998 3031 στρατοπέδοις
1019 2948 1076 3008 καί
1094 2954 1135 3031 τῇ
1151 2935 1234 3030 άλλη
1252 2944 1394 3027 δυνάμει
1411 2945 1482 3010 δια·
1500 2954 1525 3005 ri

173 3048 213 3111 87
227 3045 407 3132 φυλάττειν
430 3051 489 3135 τὴν
512 3047 729 3128 εὐδαιμονίαν
752 3051 798 3122 ὡς
828 3057 870 3133 τῇ
893 3050 1010 3110 πίστει
1039 3056 1105 3111 τῶν
1130 3045 1248 3134 φίλων.
1293 3051 1399 3127 μόνος
1421 3052 1481 3130 μέν

223 3149 284 3232 γάρ
309 3147 418 3225 οὐδείς
441 3153 528 3235 πρός
552 3147 648 3212 οὐδὲν
672 3147 748 3212 οὐδὲ
772 3157 839 3211 τῶν
863 3148 959 3212 ίδίων
984 3152 1096 3224 ίκανός
1119 3151 1209 3212 ἐστι·
1233 3154 1306 3224 τοῖς
1329 3147 1367 3212 δέ
1382 3151 1480 3232 βασι-

224 3247 336 3313 λεῦσιν
359 3255 426 3333 όσῳ
451 3249 559 3315 πλείω
583 3273 619 3313 τε
641 3254 697 3314 καί
717 3247 820 3333 μείζω
838 3255 999 3335 πράττειν
1015 3253 1149 3336 ἀνάγκη,
1174 3248 1342 3314 πλειόνων
1359 3249 1482 3316 δεῖκαὶ

310 3474 320 3522 1
342 3463 553 3540 ἀναγκαίονσΡ
598 3473 613 3522 2
627 3463 679 3527 ούκ
691 3470 717 3527 εί
728 3465 848 3542 τάχιστα
866 3467 1043 3526 ἐσπούδακεν
1060 3462 1237 3526 ἀπολοῦνται
1249 3468 1299 3523 UB
1317 3469 1377 3532 (sed
1389 3469 1413 3523 B
1427 3485 1480 3524 om.

221 3548 427 3619 ἀπολούνταιί)
524 3560 635 3625 μᾶλλον
652 3551 693 3612 ἐτι
710 3557 807 3624 scripsi
825 3559 935 3624 μᾶλλον
951 3545 969 3624 ἥ
987 3572 1069 3610 τινοσ
1086 3553 1108 3606 Ρ
1125 3557 1236 3623 μᾶλλον
1254 3551 1307 3610 είτι
1324 3553 1351 3608 V
1367 3558 1481 3624 μᾶλλον

221 3640 357 3714 παρέχειν
374 3636 427 3696 είτι
444 3640 493 3695 UB
546 3636 603 3715 δρᾷ
619 3640 723 3709 scripsi,
742 3633 820 3713 ἑώρα
837 3639 900 3694 libri
918 3631 1007 3695 αὐτοῦ
1024 3639 1073 3694 UB
1126 3639 1279 3695 3πλείονσ
1296 3631 1313 3708 ἦ
1330 3638 1386 3706 μὲν
1403 3639 1430 3695 V

220 3726 405 3778 scribendum:
425 3720 482 3797 ἔχει
498 3726 577 3795 (τις)
644 3721 800 3782 4οὐόενὸσ
817 3724 886 3781 cir
955 3723 985 3780 δέ
1003 3738 1055 3776 orn.
1073 3722 1148 3778 UBV
1216 3718 1419 3794 τοοοῦτύγεΡ

221 3812 250 3867 δέ
262 3827 311 3879 pro
323 3830 356 3882 γε
368 3810 442 3865 UBV
495 3814 510 3863 6
524 3804 566 3865 ιδσ
575 3809 664 3877 Emp„
675 3813 724 3864 καί
733 3808 795 3861 libri
844 3811 1008 3876 πολεμικῶν
1016 3807 1091 3863 UBV
1102 3806 1173 3861 idem
1182 3806 1278 3861 habuit
1286 3807 1309 3860 P
1318 3822 1336 3861 a
1346 3823 1382 3861 m.
1393 3823 1436 3876 pr.

220 3896 306 3963 9μὲν
323 3895 416 3949 om.P
503 3889 580 3968 ἢτηλ
597 3922 631 3932 -
654 3888 878 3965 ἐπιβουλεύοντα
901 3893 1001 3947 seclusi
1089 3897 1119 3945 10
1142 3895 1192 3948 καί
1209 3891 1270 3946 add.
1289 3891 1393 3946 Reislrc

222 3985 249 4032 11
271 3974 396 4047 δμοίονο
413 3979 442 4035 δὲ
460 3976 573 4035 coch
644 3983 675 4032 12
693 3975 776 4054 πόσῳ
794 3979 823 4036 δὲ
840 3979 866 4033 V
883 3974 966 4054 πόσῳ
984 3971 1015 4048 δὴ
1034 3977 1082 4032 UB
1155 3981 1185 4031 13
1203 3973 1409 4034 ἐπιτιδεύεινΡ

219 4067 371 4136 φαίνεσθαι
390 4067 525 4120 τοιοῦτον
541 4078 624 4117 sensu
642 4067 736 4118 carent
836 4069 868 4118 14
887 4061 1071 4118 scribendum:
1089 4060 1173 4130 <καί>
1191 4053 1387 4131 ἀγαπώμενον

221 4153 251 4203 18
268 4145 417 4222 ἡγούμεθα
434 4148 504 4214 libri,
522 4163 592 4202 corr.
611 4147 712 4202 Reislre
767 4153 797 4203 19
816 4139 847 4205 εύ
865 4146 1019 4220 φρονεῖνΡ
1037 4139 1225 4218 εύφρονεινγ
1294 4142 1346 4216 τὴν
1362 4141 1480 4218 γνώμην

218 4234 287 4299 libri,
307 4251 376 4288 corr.
397 4234 505 4288 Geelius
562 4232 700 4305 ποτέροιν
717 4233 799 4288 bisP
857 4253 930 4289 ποτε
948 4228 1146 4305 θαρρύνεινλ
1199 4233 1231 4284 20
1249 4229 1427 4299 ποτέροινΡ

217 4315 382 4390 ἐκπλείτιην
399 4320 425 4375 U
486 4310 565 4390 ἥδιον
582 4319 657 4374 UBV
674 4319 711 4383 (in
730 4318 754 4372 U
772 4321 911 4372 corrector
928 4332 1085 4386 isuperscr.
1104 4315 1200 4370 literas
1217 4318 1243 4387 η)
1260 4311 1333 4372 ίόιον
1350 4315 1387 4385 Ρ;
1406 4329 1478 4370 corr.

218 4401 318 4456 Reislre
388 4407 420 4456 22
440 4398 456 4460 δ
475 4403 504 4460 δέ
521 4404 620 4473 φιλίαν
636 4423 670 4475 γε
686 4399 780 4474 μὴνΡ
851 4397 1002 4471 νενόμικεν
1020 4401 1068 4456 UB
1138 4403 1172 4454 23
1190 4395 1224 4456 τὸ
1243 4397 1407 4473 βασιλεύειν
1423 4400 1478 4456 del.

218 4485 280 4541 Wil.
350 4490 383 4541 24
402 4481 464 4544 οὐδ’
482 4483 518 4544 ἀν
537 4478 725 4544 ούτω-τιῦν
742 4491 833 4554 φίλων
852 4487 948 4542 om.V
1019 4491 1050 4540 27
1070 4483 1189 4542 ἐστινῦ
