3068 5160
178 275 237 334 136
647 272 771 328 DIONIS
790 272 955 327 TROIANA

261 454 359 533 μέχρι
381 452 441 529 μέν
458 450 515 511 οὖν
531 452 658 510 τούτων
675 445 797 534 ἐφεξῆς
814 449 851 508 οὐ
868 450 956 509 πάνυ
975 449 1133 532 φαίνεται
1149 454 1216 510 τῶν
1232 448 1433 531 ἀνθρώπων

176 559 398 637 καταφρονῶν
414 543 577 636 Ὅμηρος,
602 547 686 611 ἀλλά
710 553 838 632 τρόπον
860 550 935 611 τινά
959 550 1102 628 έχεσθαι
1124 546 1308 634 τάληθοῦς,
1334 551 1365 610 εί
1387 553 1429 633 μη

177 675 211 736 γε
242 655 282 714 τά
312 655 392 735 περὶ
419 655 478 737 την
508 653 662 738 ἀρπαγην
687 672 703 708 ιι
733 645 802 734 [οὐκ
826 653 926 725 αὐτὸς
948 653 994 726 ῶς
1016 655 1175 733 γενόμενα
1200 648 1427 737 διηγούμενος,

178 747 254 817 ἀλλ’
279 747 417 838 Ἕκτορα
448 756 596 838 ποιήσας
626 749 831 829 ὀνειδίζοντα
852 745 1057 837 Ἀλεξάνδρῳ
1085 755 1141 814 καί
1159 745 1289 838 Ἑλένην
1314 751 1428 835 ὀάυρο-

176 863 278 942 μένην
306 859 393 940 πρὸς
418 857 592 939 Πρίαμον,
622 857 678 917 καί
709 857 808 917 αὐτόν
837 847 1055 938 Ἀλέξανδρον
1084 860 1295 939 μεμνημένον
1324 857 1360 913 έν
1391 861 1463 938 τῇέ

180 959 339 1040 συνουσίᾳ
362 965 402 1041 τῇ
426 960 512 1042 πρὸς
535 960 594 1043 τὴν
607 949 745 1042 Ἑλένην,
769 957 788 1018 ὃ
810 960 948 1020 πάντων
972 962 1169 1042 σαφέστατα
1193 954 1264 1019 ἔδει
1280 956 1431 1040 ῥηθῆναι

176 1063 231 1122 καί
253 1060 337 1139 μετά
362 1055 524 1144 πλείστης
549 1057 715 1145 σπουάης·
739 1061 791 1120 ἔτι
814 1057 849 1120 ἀὲ
872 1061 928 1120 καί
950 1059 991 1119 τά
1015 1061 1094 1143 περί
1117 1061 1175 1144 τὴν
1196 1050 1429 1139 μονομαχίαν]

127 1155 228 1245 82[οά
257 1161 318 1245 γάρ
350 1158 532 1240 ἀυνάμενσς
561 1163 671 1223 εἰπεῖν
694 1164 740 1236 ῶς
763 1162 937 1223 ἀπέκτεινε
960 1163 1017 1222 τὸν
1037 1152 1255 1245 Ἀλέξανδρον
1279 1161 1297 1220 o‘
1321 1161 1430 1221 Μενέ-

179 1261 275 1340 λαος,
305 1263 401 1336 κενάς
430 1261 519 1345 αὐτῷ
546 1258 720 1347 χαρίζεται
745 1266 887 1347 χάριτας
913 1264 969 1323 καί
998 1264 1090 1346 νίκην
1119 1259 1268 1344 γελοίαν,
1302 1263 1350 1335 ῶς
1373 1268 1433 1322 τοῦ

180 1363 300 1450 ξίφους
330 1365 567 1443 καταχθέντος.
614 1365 651 1425 ori
682 1365 744 1448 γάρ
768 1361 807 1448 ην
830 1362 876 1446 τῴ
900 1371 962 1425 τοῦ
979 1355 1198 1447 Ἀλεξάνδρου
1218 1363 1431 1448 χρησασθαι,
1453 1372 1477 1422 ti

178 1469 340 1527 τοσοῦτόν
369 1486 406 1546 γε
434 1467 607 1550 κρείττονα
638 1468 733 1542 ὄντα,
765 1467 811 1539 ὡς
841 1462 947 1527 έλκειν
977 1466 1076 1526 αὐτὸν
1106 1466 1154 1538 είς
1176 1467 1255 1539 τοὺς
1274 1456 1432 1544 Ἀχαιοάς

127 1567 167 1631 83
179 1563 285 1644 ζῶντα
316 1568 400 1647 μετά
429 1574 495 1629 τῶν
523 1564 651 1645 ἀπλιον,
679 1559 754 1628 ἀλλ’
786 1568 949 1649 ἀπάγχειν
978 1565 1047 1628 έάει
1069 1565 1116 1648 τῷ
1141 1569 1273 1646 ἱμάντι,·
1302 1564 1433 1652 ψευάης

179 1667 213 1731 ἀὲ
236 1671 292 1731 καί
314 1673 333 1751 η
355 1677 416 1730 τοῦ
431 1667 584 1742 Αἴαντος
606 1671 662 1730 καί
684 1677 745 1730 τοῦ
750 1661 906 1753 Ἕκτορος
921 1670 1110 1748 μονομαχία
1126 1670 1182 1730 καί
1197 1670 1286 1729 πάνυ
1304 1668 1433 1752 εὐήθης

176 1777 195 1856 η
222 1768 386 1846 ἀιάλυσις,
411 1766 516 1830 πάλιν
539 1772 612 1832 ἐκεῖ
630 1778 691 1832 τοῦ
705 1769 859 1844 Αἴαντος
877 1778 1046 1847 νικῶντος,
1070 1775 1177 1855 πέρας
1193 1767 1228 1831 ἀὲ
1246 1765 1355 1846 οάἀέν,
1378 1771 1434 1830 καί

178 1870 269 1957 ἀῶρα
294 1870 419 1934 ἀέντων
443 1868 600 1956 ἀλληλοις
625 1874 739 1956 ῶσπερ
766 1865 897 1957 φίλων]
935 1873 1019 1951 μετά
1044 1870 1079 1934 ἀὲ
1095 1880 1199 1934 ταῦτα
1215 1868 1278 1956 ἤάη
1295 1868 1432 1956 τάληθῆ
1455 1880 1494 1934 itt

178 1972 282 2056 λέγει,
312 1976 371 2059 την
400 1981 466 2035 τῶν
485 1963 630 2053 Ἀχαιῶν
660 1975 762 2059 ἧτταν
790 1977 846 2036 καὶ
874 1977 1003 2059 τροπην
1033 1976 1089 2035 καὶ
1117 1974 1178 2047 τάς
1200 1980 1262 2034 τοῦ
1273 1965 1433 2058 Ἕκτορος

180 2077 354 2160 ἀριστείας
375 2077 431 2137 καὶ
453 2077 491 2136 τά
509 2072 646 2162 πλῆθος
661 2084 727 2138 τῶν
744 2073 995 2156 ἀπολλυμένων,
1020 2077 1135 2159 ὥσπερ
1150 2076 1318 2154 ὑπέσχετο
1334 2078 1433 2160 έρεῖν,

128 2177 168 2240 84
179 2180 307 2262 τρόπον
330 2178 405 2238 τινά
429 2179 517 2240 ἀκων
540 2181 595 2240 καὶ
619 2180 797 2263 ἀναφέρων
821 2179 870 2252 είς
892 2180 991 2263 τιμην
1009 2185 1071 2238 τοῦ
1081 2169 1269 2255 Ἀχιλλέως.
1309 2173 1435 2259 [καίτοι

178 2274 328 2362 θεοφιλῆ
356 2270 389 2358 γ’
415 2278 584 2365 εἶναιτὴν
608 2277 709 2341 πόλιν
734 2281 819 2364 φησὶ
840 2281 896 2340 καί
918 2281 987 2341 Δία
1011 2281 1166 2363 ἀντικρυς
1189 2280 1359 2364 πεποίηκε
1384 2276 1434 2342 λέ·

178 2400 279 2461 γοντα
310 2387 431 2441 πασῶν
460 2388 526 2442 τῶν
554 2383 621 2442 ὑπὸ
645 2384 703 2442 τάν
726 2377 821 2464 ἥλιον
845 2378 978 2442 πόλεων
1000 2383 1038 2442 τὸ
1056 2372 1158 2454 Ἴλιον
1180 2373 1331 2460 μάλιστα
1356 2383 1480 2463 ἀγα-20

180 2489 290 2566 πησαι
318 2482 374 2542 καί
401 2484 458 2543 τάν
488 2483 645 2564 Πρίαμον
674 2483 730 2543 καί
759 2484 816 2543 τὸν
849 2479 928 2543 λαάν
959 2483 1069 2543 αὐτοῦ.
1115 2482 1235 2544 ἔπειτα
1266 2480 1433 2567 ὀστράκου

178 2586 447 2663 μεταπεσόντας,
477 2585 578 2668 φασί,
608 2591 770 2646 τοσοῦτον
799 2581 980 2665 μετέβαλεν
1009 2585 1096 2646 ὥστε
1126 2582 1278 2645 οἴκτιστα
1303 2582 1434 2647 ἀνελεῖν

179 2687 237 2770 την
272 2686 416 2747 ἀπασῶν
451 2683 749 2770 προσφιλεστάτην
781 2677 827 2747 δι’
860 2689 934 2759 ένάς
963 2683 1085 2770 ἀνάράς
1114 2687 1299 2770 ἁμαρτίαν,
1335 2685 1433 2771 εἴπερ

179 2781 348 2871 η”μαρτενλ
388 2790 479 2866 ὅμως
503 2784 538 2848 ἀέ
563 2787 620 2864 οὐχ
644 2786 716 2860 οἷός
738 2792 775 2848 τέ
797 2789 889 2849 ἐστιν
913 2789 1114 2872 ἀποκρύψαι
1136 2788 1177 2850 τά
1201 2796 1263 2849 τοῦ
1275 2779 1435 2873 Ἕκτορος

181 2890 260 2971 ἔργα
283 2895 443 2962 νικῶντος
464 2891 520 2950 καὶ
544 2885 724 2962 διώκοντος
746 2894 844 2973 μέχρι
866 2897 932 2951 τῶν
955 2897 1048 2966 νεῶν,
1072 2893 1127 2951 ἀτέ
1143 2881 1309 2976 μένἈρει
1326 2911 1437 2976 παρα·
1457 2899 1482 2950 s

179 2986 313 3069 βάλλων
342 2991 457 3065 αὐτόν,
489 2991 543 3050 ὁτὲ
575 2987 610 3050 ἀὲ
642 2987 742 3075 φλογί
772 2989 874 3072 λέγων
897 2994 955 3077 τὴν
979 2988 1080 3078 ἄλκην
1103 2996 1221 3072 ὅμοιον
1244 2991 1351 3070 εἶναι,
1380 2996 1437 3056 καί

181 3093 318 3152 πάντιον
349 3091 449 3151 αὐτὸν
478 3089 761 3176 ἐκπεπληγμένων
790 3101 856 3154 τῶν
885 3094 1049 3177 ἀρίστων,
1078 3091 1221 3179 μηάενάς
1252 3091 1287 3155 ἀὲ
1316 3092 1437 3170 ἁπλῶς

180 3194 411 3271 ὑπομένοντος
438 3193 554 3269 αὐτόν,
584 3202 646 3254 τοῦ
672 3215 708 3256 τε
728 3186 944 3269 Ἀπόλλωνος
974 3193 1063 3277 αὐτῷ
1094 3200 1351 3280 παρισταμένου
1380 3199 1437 3258 καί

129 3296 169 3361 85
180 3301 241 3354 τοῦ
262 3296 348 3368 Διὸς
372 3295 506 3356 ἀνιοθεν
529 3296 815 3380 ἐπισημαίνοντος
838 3299 947 3379 ἀνέμῳ
971 3299 1027 3359 καί
1048 3297 1229 3382 βροντῇ-
1245 3307 1353 3361 ταῦτα
1372 3301 1436 3384 γάρ

181 3397 218 3456 οὐ
242 3391 445 3475 βουλόμενος
469 3397 579 3458 εἰπεῖν
603 3399 709 3471 οὕτως
733 3401 888 3482 έναργῶς,
913 3402 1004 3478 ὅμως
1026 3401 1103 3460 ἐπεὶ
1126 3396 1238 3485 ἀληθῆ
1257 3396 1309 3484 ἦν,
1334 3399 1436 3486 ἀρξά-
1457 3409 1484 3460 tt

265 3583 282 3632 4
299 3571 479 3652 Ἀλέξανδρον
496 3579 545 3634 UT
627 3573 692 3637 ἀλλ’
703 3570 831 3654 Ἕκτορα
850 3585 902 3636 eto.
923 3580 959 3637 ef.
977 3584 1005 3637 P
1020 3585 1100 3651 iisq.
1187 3585 1236 3638 καί
1249 3577 1364 3656 Ἑλένην
1382 3591 1435 3640 ete.

181 3664 330 3719 ef.I¹1'i3
424 3657 682 3721 έκαὶαάτὸνΆλ.
702 3670 753 3721 eto.
774 3667 971 3734 cf.1⁷443sq.
1076 3671 1153 3724 6δεῖ
1168 3683 1218 3736 pro
1237 3662 1292 3726 ἔδει
1310 3668 1367 3726 VM

183 3741 261 3811 Stoi
284 3743 341 3821 γὰρ
366 3778 396 3786 -
424 3751 525 3819 φίλων]
549 3753 579 3803 ut
603 3752 792 3806 antecedentia
817 3753 931 3805 incense
954 3753 1140 3807 resarciendae
1164 3769 1248 3808 causo
1270 3754 1437 3823 interpolato

181 3837 248 3901 puto
303 3846 304 3849 ’
324 3838 339 3887 9
359 3827 401 3889 oio
418 3829 507 3890 κενάσ
525 3834 549 3888 V
568 3837 605 3898 (et
624 3829 667 3891 άσ
685 3851 702 3888 a
720 3840 872 3891 correctore
890 3836 951 3902 del.)
968 3836 997 3890 M
1082 3833 1185 3911 χάρεισ
1202 3843 1282 3902 (corr.
1299 3829 1437 3909 χάριτασ)

181 3913 342 3990 λχάρισΜ
392 3913 568 3974 ίθιὸταῦΒ
623 3924 652 3972 12
667 3920 800 3975 cisen
852 3914 1437 3994 13ἦτοῦέκτοροσκαίαίαντασθῆταῦ

182 3999 302 4059 αίαντοσ
320 4006 368 4058 καὶ
387 3997 402 4073 ἡ
421 4007 473 4059 τοῦ
485 3999 609 4075 ἕκτοροσ
622 4003 725 4058 UTBM
778 4005 814 4059 of.
833 4010 861 4061 H
880 4010 975 4074 206sq.
1031 4012 1062 4060 14
1080 4002 1165 4063 πάλιν
1182 4004 1295 4064 ἐκείνου
1313 4007 1437 4065 αίαντοσ

182 4087 255 4142 UTB
326 4082 407 4144 οὐδὲν
424 4084 637 4159 ίαράξαντος>λ
709 4093 740 4142 16
759 4090 850 4160 λέγειν
868 4090 923 4144 VM
1003 4096 1033 4146 18
1052 4093 1158 4156 [καίτοι
1175 4123 1209 4132 -
1226 4082 1365 4166 ἥμαρτεν]
1383 4092 1438 4148 nisi

182 4172 252 4226 sorte
265 4187 281 4225 a
293 4189 342 4226 suo
356 4174 416 4226 loco
435 4172 604 4238 aberrarunt,
622 4174 811 4242 interpolatori
823 4175 966 4230 tribuendo
980 4179 1043 4230 sunt
1099 4180 1130 4230 19
1143 4196 1175 4248 ys
1184 4175 1232 4230 ΒΤ
1286 4180 1320 4232 20
1332 4181 1437 4234 πασῶν

181 4252 234 4311 τὸν
251 4257 281 4310 Μ
357 4261 389 4310 22
408 4259 536 4328 φασίνΒ
622 4258 838 4331 μετέβαλλενΤ
925 4263 958 4315 25
976 4262 1020 4315 hio
1038 4263 1101 4331 post
1119 4265 1192 4318 νεῶν
1210 4263 1289 4332 vulgo
1307 4263 1437 4332 leguntur

181 4341 264 4394 verba
281 4345 329 4397 καί
348 4339 465 4399 πάντων
485 4374 514 4380 -
535 4337 670 4412 ἀρίστων,
689 4347 856 4413 transposuit
874 4345 975 4401 Reiske
1063 4343 1130 4418 ἀρεῖ
1145 4346 1195 4402 UV
1286 4347 1323 4402 cf.
1344 4351 1367 4406 θ
1385 4352 1436 4402 215

182 4427 276 4505 et349
347 4429 378 4478 30
398 4422 506 4497 άληθὲσ
524 4427 593 4491 libri,
613 4443 670 4482 exo.
691 4429 712 4481 T
