3068 5160
218 325 278 382 142
689 322 812 378 DIONIS
830 321 995 377 TROIANA

218 503 319 562 αὐτόν
347 501 539 562 ἀποθανεῖν
564 496 723 584 ἀφείλετο
746 501 801 560 καί
823 499 1018 560 τούναντίον
1040 499 1166 558 ἐκεῖνον
1189 497 1256 558 ὑπὸ
1281 503 1343 557 τοῦ
1361 487 1471 574 Ἀχιλ·

219 600 301 676 λέως
331 603 557 687 ἀναιρεθήναί
586 618 706 686 φησιν,
737 594 786 683 [ὃς
817 609 979 662 τοσοῦτον
1001 601 1156 682 ὑπερεῖχε
1179 605 1246 659 τῶν
1270 599 1471 682 ἀνθρώπων

217 698 390 786 ἁπάντων]
420 706 475 765 καί
504 708 647 787 προσέτι
677 703 877 787 αίκισθήναι
905 705 962 763 τόν
985 703 1098 784 νεκρόν
1123 701 1303 762 αὐτοῦκαὶ
1328 709 1472 785 συρῆναι

147 852 150 859 ,
217 810 313 889 μέχρι
342 812 408 866 τῶν
435 812 562 883 τειχῶν.
608 800 712 864 πάλιν
742 802 777 865 δέ
802 801 901 878 εἰδώς
923 807 1033 888 τάφον
1057 804 1135 865 ὄντα
1158 811 1220 863 τοῦ
1233 795 1392 886 Ἕκτορος
1416 805 1472 864 καί

218 911 406 986 τιμώμενον
429 907 529 967 αὐτόν
551 907 618 967 ὑπό
635 913 701 968 τῶν
718 904 878 983 πολιτῶν,
903 903 1124 990 ἀποδοθῆναι
1140 906 1240 966 αὐτὸν
1256 901 1347 986 λέγει
1362 901 1472 966 κελεό-
1494 914 1507 962 5

140 1013 199 1073 105
217 1027 338 1083 σαντος
360 1017 421 1070 τοῦ
434 1009 520 1081 Διὸς
544 1005 670 1091 λύτρων
695 1006 877 1084 δοθέντων,
902 1013 986 1082 τέως
1006 1004 1041 1068 δέ
1057 1010 1117 1093 τήν
1129 999 1335 1092 Ἀφροδίτην
1351 1009 1471 1086 ἐπιμε-

218 1109 364 1196 ληθήναι
386 1112 443 1172 καί
464 1113 522 1171 τόν
534 1102 689 1171 Ἀπόλλω
713 1119 774 1171 τοῦ
797 1108 968 1189 διαμεῖναι
990 1111 1047 1170 τόν
1070 1112 1192 1192 νεκρόν.
1232 1102 1303 1191 [οὐκ
1326 1111 1413 1188 ἔχων
1438 1107 1471 1171 δὲ

217 1217 280 1290 ό,τι
304 1216 431 1298 ποιήση
455 1216 512 1274 τὸν
533 1205 703 1291 Ἀχιλλέα,
731 1215 807 1274 έπεί
830 1210 899 1273 έδει
923 1212 1022 1272 αὐτόν
1045 1212 1113 1271 ὑπό
1137 1217 1203 1272 τῶν
1229 1213 1357 1294 Τρώων
1380 1213 1472 1284 τινὸς

217 1315 427 1399 ἀνηρήσθαι·
453 1316 490 1374 οό
513 1317 574 1399 γὰρ
599 1313 637 1400 δή
661 1317 717 1376 καί
739 1322 858 1374 τοῦτον
874 1309 1018 1391 ἔμελλεν,
1044 1313 1158 1395 ὥσπερ
1175 1315 1230 1374 καί
1245 1314 1304 1373 τόν
1320 1310 1470 1388 Αἴαντα,

217 1408 279 1501 ὑφ’
306 1421 428 1476 ἑαυτοῦ
449 1417 673 1477 ἀποθανόντα
698 1421 828 1491 ποιεῖν,
858 1415 1000 1500 φθονῶν
1023 1423 1082 1499 τῆς
1106 1410 1205 1498 δόξης
1227 1412 1274 1496 τῷ
1299 1412 1470 1476 ἀνελόντι·
1492 1422 1518 1473 10

218 1520 275 1578 τόν
288 1509 506 1600 Ἀλέξανδρόν
531 1534 634 1601 φησιν
658 1519 856 1578 ἀποκτεῖναι
880 1519 989 1593 αὐτόν,
1014 1517 1050 1577 δν
1075 1517 1241 1600 πεποίηκε
1257 1523 1324 1578 τῶν
1344 1519 1471 1599 Τρώων

159 1656 161 1661 -
217 1621 374 1680 κάκιστον
402 1621 458 1680 καί
489 1616 682 1680 δειλότατον
711 1622 766 1680 καί
795 1621 861 1680 ὑπό
885 1627 946 1679 τοῦ
968 1614 1144 1680 Μενελάου
1167 1625 1290 1701 μικροιῖ
1310 1615 1382 1679 δεῖν
1408 1613 1468 1693 ζω-
1481 1629 1523 1678 (180

217 1721 397 1804 γρηθέντα,
421 1721 458 1781 όν
482 1717 739 1804 λοιδορούμενον
758 1723 812 1782 ἀεί
828 1722 1023 1804 πεποίηκεν,
1047 1722 1093 1793 ὡς
1108 1716 1286 1798 μαλθακόν
1304 1721 1470 1806 αἰχμητήν

139 1826 200 1888 106
216 1825 272 1884 καί
300 1820 535 1884 ἐπονείδιστον
557 1825 591 1883 έν
614 1827 687 1896 τοῖς
702 1815 846 1906 Ἕλλησι.
894 1824 947 1883 ἵνα
972 1819 1010 1906 δή
1035 1829 1096 1882 τοῦ
1107 1814 1263 1905 Ἕκτορος
1285 1824 1346 1906 τήν
1369 1819 1473 1898 δόξαν

217 1922 391 2010 ἀφέλοιτο,
414 1927 469 1986 καί
492 1927 548 1985 τόν
562 1915 714 2002 Ἀχιλλέα
739 1926 897 2010 φαίνεται
919 1923 1131 2007 καθῃρηκώς,
1157 1917 1234 2006 [καί]
1258 1919 1347 1983 πολὺ
1368 1925 1473 2008 χείρω
1495 1932 1520 1982 11

216 2029 271 2088 καί
301 2023 501 2110 ἀδοξότερον
532 2027 635 2087 αὐτοῦ
662 2029 811 2111 ποιήσας
840 2029 897 2087 τὸν
927 2026 1088 2086 θάνατον.
1133 2022 1229 2099 τέλος
1259 2022 1294 2086 δὲ
1324 2028 1473 2109 προάγει

216 2127 278 2212 ήδη
310 2129 497 2212 τεθνηκότα
528 2130 586 2189 τὸν
606 2120 758 2207 Ἀχιλλέα
788 2131 844 2190 καί
872 2133 972 2190 ποιεῖ
988 2130 1191 2206 μαχόμενον·
1223 2127 1280 2188 οὐκ
1303 2129 1413 2189 όντων
1438 2126 1473 2189 δέ

217 2228 341 2306 ὅπλων,
359 2227 443 2290 ἀλλά
456 2238 516 2290 τοῦ
522 2221 677 2314 Ἕκτορος
688 2233 836 2309 ἔχοντος·
853 2232 888 2292 έν
900 2232 1006 2310 τούτῳ
1020 2224 1119 2313 (γάρ)
1133 2227 1257 2292 ἔλαθεν
1270 2231 1372 2291 αὐτόν
1389 2233 1425 2291 έν
1441 2252 1475 2291 τι

217 2339 283 2393 τῶν
307 2328 447 2415 ἀληθῶν
470 2333 592 2416 ῥηθέν·
616 2335 651 2394 ἐκ
674 2341 735 2393 τοῦ
757 2334 901 2415 οὐρανοῦ
923 2349 1008 2417 φησι
1029 2333 1170 2410 κομίσαι
1192 2334 1251 2417 τήν
1277 2331 1379 2393 Θέτιν
1403 2334 1472 2393 ὑπό

216 2440 278 2493 τοῦ
288 2424 476 2517 Ἡφαίστου
499 2437 658 2514 γενόμενα
681 2432 787 2495 όπλα·
811 2436 866 2495 καί
890 2436 995 2508 οὕτως
1020 2431 1057 2519 δή
1082 2431 1223 2516 γελοίως
1245 2436 1303 2495 τόν
1316 2425 1473 2512 Ἀχιλλέα
1495 2442 1522 2492 11

216 2538 319 2614 μόνον
349 2538 555 2619 τρεπόμενον
585 2538 663 2609 τοὺς
695 2539 829 2619 Τρῶας,
864 2543 930 2596 τῶν
960 2534 995 2597 δὲ
1026 2532 1136 2597 ἀλλων
1161 2527 1321 2614 Ἀχαιῶν,
1352 2537 1471 2619 ὥσπερ

218 2634 354 2710 οὐδενός
377 2640 556 2720 παρόντος,
581 2639 741 2699 ἀπάντων
764 2634 971 2698 ἐπελάθετο·
1000 2636 1094 2715 ἅπαξ
1117 2635 1152 2699 δὲ
1174 2634 1347 2721 τολμήσας
1369 2645 1471 2698 τοῦτο

218 2740 422 2821 ψεύσασθαι
449 2742 559 2800 πάντα
585 2744 724 2818 συνέχεε.
769 2741 824 2801 καί
846 2741 925 2812 τοὺς
947 2739 1052 2814 θεοάς
1074 2741 1224 2802 ἐνταῦθα
1248 2743 1350 2800 ποιεῖ
1366 2759 1472 2818 μαχο-

216 2846 337 2921 μένους
360 2837 527 2926 ἀλλήλοις,
553 2838 670 2920 σχεδόν
694 2838 865 2922 ὁμολογῶν
887 2844 940 2902 ότι
959 2833 1056 2903 οὐδὲν
1073 2833 1163 2923 αὐτῷ
1179 2839 1274 2920 μέλει
1289 2837 1470 2926 ἀληθείας.

141 2945 199 3007 107
217 2945 306 3003 πάνυ
331 2940 366 3003 δέ
390 2943 547 3017 ἀσθενῶς
568 2945 624 3004 καί
647 2943 832 3016 ἀπιθάνως
854 2945 913 3028 τήν
936 2944 1110 3027 ἀριστείαν
1134 2940 1301 3019 διελθών,
1329 2945 1385 3003 ότὲ
1410 2944 1471 3022 μὲν
1494 2950 1521 3000 15

218 3042 361 3125 ποταμῷ
384 3047 572 3123 μαχόμενον
596 3035 707 3120 αὐτόν,
735 3046 788 3104 ότέ
814 3041 848 3105 δὲ
873 3042 1077 3106 ἀπειλοῦντα
1098 3036 1290 3106 Ἀπόλλωνι
1311 3047 1369 3106 καί
1392 3041 1472 3106 διώ-

216 3166 316 3207 κοντα
341 3137 458 3207 αἰτόνι
482 3142 519 3221 ἐξ
542 3144 587 3207 ών
608 3147 768 3208 ἁπάντων
785 3143 869 3208 ἰδεῖν
885 3148 958 3208 ἔστι
974 3149 1032 3233 τήν
1049 3147 1197 3230 ἀπορίαν
1213 3138 1319 3208 αὐτοῦ
1335 3143 1471 3225 σχεδόν·

218 3239 255 3308 οὗ
279 3249 341 3331 γάρ
365 3250 456 3308 ἐστιν
479 3249 514 3308 έν
537 3253 610 3321 τοῖς
633 3245 799 3332 ἀληθέσιν
817 3250 922 3323 οὕτως
939 3251 1114 3323 ἀπίθανος
1131 3240 1208 3309 οὐδὲ
1224 3245 1346 3333 ἀηδής·
1370 3246 1472 3327 μόλις

217 3351 301 3409 ποτέ
325 3356 391 3410 τῶν
417 3352 542 3433 Τρώων
566 3351 614 3424 είς
636 3353 695 3436 τήν
719 3348 820 3412 πόλιν
844 3353 1044 3435 φευγόντων,
1067 3353 1126 3412 τόν
1136 3342 1274 3434 Ἕκτορα
1299 3351 1471 3434 πεποίηκε
1527 3341 1528 3344 “

217 3454 284 3534 πρὸ
307 3459 369 3512 τοῦ
389 3453 519 3531 τείχους
543 3449 763 3537 ἀνδρειότατα
782 3454 994 3532 ὑπομένοντα
1013 3442 1114 3515 αὗτόν
1129 3453 1185 3513 καί
1198 3453 1282 3536 μήτε
1298 3449 1346 3533 τῷ
1363 3453 1472 3536 πατρί
1491 3458 1520 3510 30

217 3550 363 3634 δεομένῳ
393 3556 475 3638 μήτε
502 3562 544 3638 τῇ
566 3556 667 3639 μητρί
690 3556 914 3634 πειθόμενον,
944 3556 1063 3617 ἔπειτα
1089 3557 1254 3639 φεύγοντα
1277 3549 1384 3635 κόκλαρ
1408 3561 1470 3638 τῆς

304 3808 314 3856 1
335 3796 475 3871 ἀφείλατο
495 3809 575 3867 (corr.
595 3796 738 3873 ἀφείλετο)
759 3805 785 3857 V
808 3797 984 3874 ἀναφείλαιο
1005 3804 1034 3856 Μ
1109 3798 1318 3876 1ἀνερεθῆναι
1335 3802 1365 3856 Μ
1431 3795 1469 3858 δσ

215 3902 266 3941 om.
286 3887 366 3942 BVM
384 3904 418 3940 m.
437 3906 478 3957 pr.
546 3883 589 3954 [ἀς
608 3920 637 3926 -
658 3882 804 3953 ἁπάντων]
824 3890 917 3956 spuria
976 3883 1162 3962 ὑπερεῖχενΤ
1217 3885 1433 3962 3προσέτειΜ

215 3977 230 4026 0
249 3976 296 4028 καί
315 3968 425 4043 λύτρων
442 3973 497 4027 VM
591 3978 604 4025 7
625 3966 688 4036 [οὖν
707 3967 780 4044 ἔχων
792 4005 823 4012 -—
837 3969 889 4045 τήν
905 3970 999 4045 μάχην
1015 3971 1133 4045 ἐκείνην]
1151 3973 1220 4027 haec
1237 3972 1329 4029 omnia
1343 3986 1362 4028 a
1378 3971 1468 4026 Dione

214 4057 301 4111 aliena
318 4063 384 4125 puto
442 4053 586 4128 ὃποιήσει
606 4056 655 4112 VT
710 4063 737 4112 11
759 4053 811 4114 τὸν
829 4076 878 4127 pro
897 4060 994 4116 τῶνΒ
1058 4061 1088 4112 13
1108 4060 1265 4130 πεποίηκεν
1282 4047 1380 4115 οὕτωσ
1396 4061 1468 4126 μαλ-

214 4137 309 4198 θακὸν
326 4142 388 4196 libri
406 4157 475 4196 corr.
489 4142 559 4195 Mor.
614 4146 645 4195 14
664 4138 774 4214 έλλησιν
788 4143 841 4197 VM
893 4146 941 4199 καί
951 4139 999 4198 ίνα
1010 4143 1083 4198 UBT
1136 4139 1386 4216 τήντοῦίὸιτοροσ
1402 4143 1468 4206 (hoc

214 4229 315 4294 ord.)B
371 4234 400 4281 15
419 4227 530 4282 καίδεΙ,
551 4228 615 4282 Geel
667 4229 812 4302 χείρωνῑί
867 4233 896 4282 16
915 4224 1073 4301 προάγηΜ
1129 4233 1156 4282 17
1176 4223 1431 4300 τεθνηξόμενονΤ

217 4308 480 4384 18γάραδδ,Εοιρ.
538 4309 904 4385 1οκαίγάρέκτοῦίίΒΤ
957 4313 1078 4385 θέτηνΒ
1131 4316 1163 4366 20
1177 4302 1253 4369 οὕτω
1266 4311 1316 4368 ΒΤ
1368 4315 1468 4368 11τοῦ

214 4411 263 4462 pro
283 4401 369 4454 τοῦτο
388 4399 418 4451 Μ
488 4403 519 4452 13
539 4399 670 4469 συνέχεεν
688 4399 743 4453 VM
818 4403 850 4450 14
868 4397 962 4466 μέλλει
980 4397 1009 4451 Μ
1097 4401 1129 4452 15
1147 4401 1196 4454 καί
1213 4393 1364 4455 πειθάνωσ
1383 4403 1465 4461 (corr.

214 4483 263 4535 καί
281 4473 414 4544 dmm
484 4486 515 4534 16
532 4476 722 4539 Ἀπόλλονιῐί
793 4488 823 4536 11
844 4477 930 4539 αὐτὸν
948 4498 1000 4538 om.
1019 4481 1093 4538 UBT
1164 4479 1391 4551 18μόίισόὲΤ
