3068 5160
687 313 822 369 ORATIO
840 313 937 368 XXXI.
1379 316 1439 374 247

183 491 334 568 γενναῖον
368 489 433 559 (ότι
461 489 523 572 γάρ
557 481 667 563 οὐδεὶς
702 487 833 572 ἐστάθη
869 491 997 550 τούτων
1034 488 1136 565 ἀλούς
1172 487 1326 552 κλέπτων
1362 483 1440 552 ούδέ

183 592 348 668 μοιχεύων
374 579 433 650 ούκ
461 587 587 673 άδηλύν
619 591 725 666 ἐστιν)
754 587 833 651 ούδέ
855 608 891 670 γε
913 591 973 652 ἐπί
994 596 1067 666 τοῖς
1090 599 1261 670 τυχοῦσιν,
1292 582 1367 653 ἀλλ’
1394 595 1441 667 ὡς

185 687 316 752 οἷόντε
339 692 399 753 ἐπί
420 697 493 765 τοῖς
515 694 697 773 μεγίστοις.

269 795 322 853 δτι
344 793 456 853 τοίνυν
471 794 527 854 καί
541 794 644 867 θείας
658 796 751 867 τινδς
767 791 939 873 δυνάμεως
953 794 1010 854 καί
1025 795 1200 876 προνοίας,
1224 797 1271 869 ὡς
1285 797 1325 857 ἀν
1342 795 1437 858 εἴποι
1448 799 1489 861 95

147 907 163 956 5
184 915 253 970 τις,
285 895 319 954 οἱ
340 901 492 955 τοιοῦτοι
520 899 717 975 μετέχουσιν
746 887 805 956 ἐπ’
838 892 1039 979 ἀνδριάντος
1060 915 1095 956 τι
1116 892 1284 975 βούλομαι
1306 900 1440 978 γεγονός

184 998 304 1057 εἰπεῖν.
343 995 511 1081 Θεαγένης
525 993 565 1080 ήν
583 995 714 1071 Θάσιος
730 994 898 1082 ἀθλητής·
916 994 1013 1070 οὗτος
1029 993 1140 1058 ἐδόκει
1155 999 1249 1081 ῥώμη
1264 995 1440 1080 διενεγκεῖν

184 1097 249 1159 των
277 1089 362 1159 καθ’
389 1095 506 1175 αύτύν,
535 1101 591 1161 καὶ
614 1096 652 1184 δή
679 1100 738 1160 σύν
761 1103 890 1183 ἑτέροις
912 1095 1055 1172 πολλοῖς
1081 1099 1138 1160 καί
1159 1100 1217 1159 τόν
1236 1090 1441 1179 Ὀλυμπίασι

183 1202 255 1283 τρίς
287 1197 422 1285 εἰλήφει
453 1205 630 1285 στέφανον.
676 1203 722 1275 ὡς
753 1193 785 1262 δ’
817 1202 992 1262 ἐπαύσατο
1020 1201 1077 1262 καί
1104 1200 1180 1284 ήκεν
1209 1201 1259 1274 είς
1286 1203 1345 1286 τήν
1374 1221 1439 1263 πα-

183 1299 292 1385 τρίδα,
317 1299 439 1365 λοιπόν
454 1310 516 1364 τοῦ
531 1305 687 1382 σώματος
702 1300 989 1387 παρακμάσαντος
1003 1298 1043 1386 ήν
1059 1303 1141 1387 ἀνήρ
1165 1298 1300 1377 ούδενδς
1317 1304 1440 1388 χείρων

134 1414 161 1464 10
183 1406 263 1487 περὶ
284 1405 326 1464 τά
348 1403 461 1481 κοινά,
490 1396 566 1464 ἀλλ’
592 1407 638 1478 ὡς
662 1401 735 1465 οίύν
758 1425 794 1465 τε
817 1406 965 1487 ἀριστος.
1020 1404 1194 1479 ἐντεῦθεν,
1224 1407 1308 1487 όπερ
1339 1403 1439 1481 είκός,

108 1507 234 1580 νομιεῖς
263 1507 390 1589 ἔχθραν
418 1508 486 1568 τινί
513 1502 670 1590 προῆλθε
699 1512 766 1567 τῶν
796 1503 1078 1585 πολιτευομένων.
1136 1507 1154 1565 ό
1184 1501 1219 1565 δέ
1249 1501 1349 1581 ζῶντι
1376 1509 1438 1585 μὲν
1451 1511 1492 1574 96

183 1608 330 1693 ἐφθόνει
350 1610 464 1686 μόνον,
487 1604 748 1691 τελευτήσαντος
771 1603 806 1668 δέ
831 1605 969 1692 πρᾶγμα
987 1609 1125 1668 πάντων
1141 1608 1369 1691 ἀνοητότατον
1384 1611 1442 1671 καὶ

184 1711 411 1791 ἀσεβέστατον
433 1711 563 1772 ἐποίει·
586 1711 644 1770 τόν
666 1709 728 1793 γάρ
745 1706 928 1792 ἀνδριάντα
945 1710 1050 1769 αὐτοῦ
1062 1710 1120 1770 τόν
1144 1712 1274 1769 ἑστῶτα
1297 1711 1332 1771 ἐν
1354 1714 1440 1794 μέσῃ

183 1821 225 1897 τῇ
248 1809 349 1874 πόλει
370 1814 497 1895 νύκτωρ
521 1812 713 1891 ἐμαστίγου.
758 1819 937 1894 τοιγαροῦν
960 1809 1028 1872 εἴτε
1051 1812 1121 1871 ἀπό
1149 1813 1249 1894 τύχης
1277 1809 1345 1872 εἴτε
1369 1809 1441 1873 δαι·

132 1923 161 1974 15
182 1915 301 1994 μονίου
324 1916 417 1987 τινδς
439 1915 686 1997 νεμεσήσαντος
709 1909 799 1993 αὐτῷ
821 1913 977 1995 κινηθείς
1005 1931 1090 1973 ποτε
1113 1913 1149 1972 ἐκ
1169 1919 1229 1995 τής
1250 1912 1383 1991 βάσεως
1405 1918 1441 1996 ή-

183 2013 394 2099 κολούθησεν
411 2017 480 2094 ἅμα
496 2021 538 2098 τῇ
552 2016 693 2095 μάστιγι
713 2013 771 2075 καί
791 2014 914 2075 κτείνει
929 2015 987 2074 τόν
1003 2011 1119 2097 ἀνδρα.
1158 2015 1262 2092 νόμου
1286 2010 1322 2074 δὲ
1346 2015 1442 2088 ὄντος

183 2111 442 2191 καταποντίζειν
463 2117 656 2198 κρίναντας,
685 2117 743 2176 ἐάν
771 2135 806 2176 τι
827 2121 894 2176 τῶν
917 2115 1058 2196 ἀψύχων
1086 2117 1236 2194 ἐμπεσόν
1259 2116 1440 2197 ἀποκτείνῃ

184 2221 276 2295 τινά,
308 2220 342 2278 οί
369 2225 432 2278 τοῦ
455 2218 646 2290 τεθνεῶτος
668 2218 897 2300 προσήκοντες
920 2218 1057 2300 αἱροῦσι
1080 2213 1153 2300 δίκη
1177 2218 1235 2278 τόν
1258 2213 1441 2300 ἀνδριάντα

184 2322 241 2381 καί
261 2323 532 2381 κατεπόντωσαν.
574 2315 696 2398 λοιμοῦ
716 2315 752 2379 δέ
777 2319 976 2398 συμβάντος,
1000 2320 1046 2393 ὥς
1069 2335 1166 2403 φασι,
1186 2315 1440 2398 χαλεπωτάτου,
1452 2325 1492 2388 97

133 2433 163 2482 20
184 2424 240 2484 καί
261 2429 328 2483 τῶν
354 2421 493 2483 Θασίων
516 2417 627 2482 οὐδενί
654 2423 770 2504 τρόπῳ
802 2417 900 2505 λήξαι
931 2418 1124 2500 δυναμένιον
1151 2429 1211 2506 τῆς
1240 2424 1357 2498 νόσου,
1385 2423 1443 2483 καί

185 2521 376 2585 τελευταῖον
388 2526 581 2606 χρωμένων,
604 2524 683 2595 τούς
699 2519 852 2606 φυγάδας
869 2524 984 2596 αύτοῖς
1000 2524 1119 2585 ἀνεῖπε
1133 2526 1290 2604 κατάγειν
1313 2525 1332 2584 δ
1346 2523 1440 2598 θεός.

185 2629 231 2700 ὡς
254 2623 290 2686 δὲ
314 2623 418 2687 πλέον
442 2622 538 2686 οῦδέν
561 2621 600 2708 ήν
623 2626 784 2685 ἁπάντων
805 2620 1102 2707 κατεληλυθότων,
1128 2629 1316 2707 χρωμένοις
1337 2625 1441 2700 αὖθις

186 2725 317 2808 λέγεται
338 2730 398 2812 τήν
420 2729 561 2789 Πυθίαν
586 2729 692 2800 ούτως
715 2727 884 2787 ἀνειπεῖν·

273 2829 460 2910 Θεαγένους
485 2820 517 2890 δ)
543 2825 718 2889 ἐλάθεσθε
741 2829 791 2889 ἐνὶ
812 2827 1018 2908 ψαμάθοισι
1040 2831 1222 2900 πεσόντος·

135 2942 162 2991 25
268 2923 362 2991 κεῖθ’
387 2933 465 3008 ύμῖν
489 2932 508 2990 ό
531 2932 611 3012 πρὶν
633 2925 844 3012 μυριάεθλος
867 2930 959 3013 ἀνήρ.

186 3023 291 3111 ᾦκαί
313 3028 413 3116 δῆλον
444 3033 497 3092 ότι
524 3033 581 3092 καί
609 3033 647 3092 τδ
676 3037 812 3114 πρῶτον
837 3019 909 3108 οὐχί
934 3038 1001 3092 τῶν
1031 3028 1190 3115 φυγάδων
1219 3034 1313 3093 ἕνεκα
1340 3040 1440 3094 τοῦτο

185 3133 335 3216 ἐχρήσθη
358 3133 475 3194 καὶτὸ
501 3133 630 3212 συμβάν
654 3124 692 3193 ού
717 3125 764 3193 δι’
790 3129 894 3216 ἀλλην
916 3133 992 3193 τινοὶ
1016 3134 1129 3194 αίτίαν
1152 3135 1291 3214 ἐγένετο.
1385 3136 1441 3196 καί
1451 3137 1491 3201 98

185 3231 303 3317 μηδείς
325 3235 431 3295 έκεῖνο
453 3231 626 3316 ἀπολάβη
649 3235 684 3295 τί
707 3234 782 3309 ούν;
803 3238 901 3317 ήμεῖς
922 3236 1001 3308 τούς
1017 3232 1218 3318 ἀνδριάντας
1233 3231 1441 3320 ἀφανίζομεν

185 3338 204 3420 ή
228 3338 415 3419 ῥιπτοῦμεν
421 3359 433 3410 ,·
456 3327 533 3396 ἀλλ’
559 3330 736 3414 ἀτιμάζετε
759 3336 905 3409 ἐκείνους
922 3334 967 3396 ὧν
984 3337 1053 3397 είσι
1066 3338 1122 3398 καί
1137 3337 1348 3420 ἀφαιρεῖσθε
1363 3339 1442 3410 τούς

134 3448 163 3498 30
185 3440 322 3517 ἔχοντας
331 3486 340 3515 ,
370 3441 454 3521 όπερ
483 3439 540 3499 καί
560 3440 637 3498 τότε
659 3431 805 3518 (δεινόν)
826 3433 921 3512 ἔδοξε
943 3435 990 3518 τῷ
1013 3435 1104 3518 θεῷ·
1134 3439 1211 3499 ἐπεὶ
1239 3434 1445 3515 τοῦχαλκοῦ

270 3708 286 3757 2
304 3697 348 3758 ὡσ
366 3700 478 3760 οἴονται
495 3702 525 3755 Μ
623 3705 637 3754 5
656 3702 721 3769 post
737 3697 890 3771 μετέχουσι
912 3700 1016 3754 excidit
1032 3699 1206 3770 participium
1222 3699 1281 3766 fui,
1299 3701 1373 3756 velut
1390 3720 1442 3756 πα-

185 3785 337 3862 ραστήσων
416 3781 589 3859 γεγονάσΤ
677 3789 768 3842 ’ίτιῖν
785 3785 904 3841 Gobeius
920 3780 989 3851 τοὺς
1004 3785 1067 3840 libri
1136 3782 1283 3843 ἑαυτὸνΤ
1356 3790 1443 3842 θτια-

185 3870 435 3944 ρεκμάσαντοσΜ
501 3872 645 3944 χεῖρονΠ
716 3875 747 3925 10
770 3864 814 3926 ύσ
832 3867 992 3928 οἴονταιΜ
1061 3874 1089 3922 11
1112 3863 1175 3926 ὁδ’
1193 3869 1225 3937 ἐξ
1241 3860 1283 3927 ὦν
1300 3871 1375 3927 τιΜ

185 3966 217 4013 15
241 3960 386 4030 κεινηθείσ
409 3957 440 4012 Μ
543 3950 739 4028 ἠκολούθησεν
764 3957 810 4011 vix
833 3971 944 4023 sanum
972 3954 1086 4009 cadendi
1109 3955 1223 4012 verbum
1252 3971 1307 4010 non
1333 3958 1444 4025 poterat

184 4044 269 4099 vitare
373 4049 403 4097 li
421 4045 580 4116 κρίνοντασ
597 4041 627 4096 Μ
644 4043 801 4113 κρίνοντοσ
817 4041 906 4108 UBT,
930 4055 1000 4096 corr.
1018 4039 1125 4095 Selden.
1231 4045 1262 4096 18
1280 4039 1396 4114 ἐρουσιν
1413 4041 1443 4094 Μ

185 4125 298 4200 αίρουσι
315 4130 365 4185 UB
470 4134 500 4183 19
518 4130 602 4196 λιμοῦ
623 4125 653 4183 δέ
670 4127 720 4181 UB
813 4130 845 4180 22
862 4116 1101 4197 κατεληλυθότων
1118 4125 1237 4182 Gobetus
1259 4122 1443 4198 ἐληλυθότων

184 4214 247 4269 libri
349 4217 382 4268 24
404 4214 434 4271 δὲ
454 4210 597 4270 ἐλάθεσθε
615 4211 665 4267 UT
688 4212 718 4269 δὲ
741 4207 886 4269 λαθέσθαι
904 4210 934 4263 Μ
1037 4211 1120 4265 alium
1136 4225 1242 4266 versum
1258 4211 1342 4265 habet
1358 4211 1441 4266 Faus,

185 4304 209 4366 6,
230 4304 304 4366 11,8
391 4304 423 4353 25
441 4300 605 4371 μυρίαθλοσ
621 4297 695 4353 UBT
791 4301 824 4352 26
843 4286 877 4354 οὗ
894 4311 945 4365 pro
963 4285 986 4371 ᾧ
1005 4295 1035 4348 Μ
1139 4295 1257 4350 conieci:
1277 4285 1322 4351 ὅτι
1339 4299 1388 4352 καὶ
1406 4293 1441 4352 τὸ

184 4388 251 4457 περὶ
269 4388 328 4440 τῶν
340 4379 474 4456 φυγάδων
486 4380 570 4441 ἕνεκα
582 4378 689 4440 τούτον
699 4378 827 4456 ἐχρήσθη
879 4385 910 4435 27
930 4375 969 4437 δι’
989 4370 1058 4452 ύλην
1069 4375 1132 4439 τινὰ
1145 4381 1175 4435 Μ
1228 4384 1260 4435 28
1272 4383 1355 4450 ῦμεῖσ
1368 4382 1390 4435 Β

186 4473 217 4523 29
236 4467 393 4526 ἐκεῖνοσΠ
462 4462 650 4542 ἀφαιρεῖσθαι
668 4469 698 4522 Μ
768 4471 801 4521 30
819 4461 915 4523 δεινὸν
931 4465 992 4523 add.
1010 4465 1117 4521 Selden.
1200 4462 1248 4523 ἐπί
1264 4470 1318 4524 τοῦ
1334 4467 1391 4524 UM
