<?xml version="1.0" encoding="UTF-8"?>
<!DOCTYPE html PUBLIC "-//W3C//DTD XHTML 1.0 Transitional//EN"
    "http://www.w3.org/TR/xhtml1/DTD/xhtml1-transitional.dtd">
<html xmlns="http://www.w3.org/1999/xhtml" xml:lang="en" lang="en">
 <head>
  <title>
</title>
<meta http-equiv="Content-Type" content="text/html;charset=utf-8" />
  <meta name='ocr-system' content='tesseract 3.04.00' />
  <meta name='ocr-capabilities' content='ocr_page ocr_carea ocr_par ocr_line ocrx_word'/>
</head>
<body>
  <div class='ocr_page' id='page_1' title='image "./quaeexstantomni00diogoog_0359.png"; bbox 0 0 3068 5160; ppageno 0'>
   <div class='ocr_carea' id='block_1_1' title="bbox 558 340 1331 422">
    <p class='ocr_par' dir='ltr' id='par_1_1' title="bbox 558 340 1331 422">
     <span class='ocr_line' id='line_1_1' title="bbox 558 340 1331 422; baseline 0.009 -27"><span class='ocrx_word' id='word_1_1' title='bbox 558 340 840 422; x_wconf 69' lang='lat' dir='ltr'>oRAT1oxxxi11.</span> <span class='ocrx_word' id='word_1_2' title='bbox 1270 343 1331 402; x_wconf 75' lang='lat' dir='ltr'><em>ooo</em></span> 
     </span>
    </p>
   </div>
   <div class='ocr_carea' id='block_1_2' title="bbox 77 507 1334 603">
    <p class='ocr_par' dir='ltr' id='par_1_2' title="bbox 77 507 1334 603">
     <span class='ocr_line' id='line_1_2' title="bbox 77 507 1334 603; baseline 0.006 -29"><span class='ocrx_word' id='word_1_3' title='bbox 77 508 304 595; x_wconf 80' lang='grc' dir='ltr'><em>ποιμαίνειν]</em></span> <span class='ocrx_word' id='word_1_4' title='bbox 327 516 383 576; x_wconf 82' lang='grc' dir='ltr'><em>καί</em></span> <span class='ocrx_word' id='word_1_5' title='bbox 405 517 550 600; x_wconf 88' lang='grc' dir='ltr'><em>πότερον</em></span> <span class='ocrx_word' id='word_1_6' title='bbox 572 519 659 596; x_wconf 83' lang='grc' dir='ltr'><em>ἀμάς</em></span> <span class='ocrx_word' id='word_1_7' title='bbox 677 507 836 600; x_wconf 80' lang='grc' dir='ltr'><em>Ἀργείων</em></span> <span class='ocrx_word' id='word_1_8' title='bbox 859 519 1033 594; x_wconf 77' lang='grc' dir='ltr'><em>ἀποίκους,</em></span> <span class='ocrx_word' id='word_1_9' title='bbox 1057 520 1103 592; x_wconf 86' lang='grc' dir='ltr'><em>ὡς</em></span> <span class='ocrx_word' id='word_1_10' title='bbox 1126 515 1245 600; x_wconf 89' lang='grc' dir='ltr'><em>λέγετε,</em></span> <span class='ocrx_word' id='word_1_11' title='bbox 1270 521 1334 603; x_wconf 82' lang='grc' dir='ltr'><em>φη·</em></span> 
     </span>
    </p>
   </div>
   <div class='ocr_carea' id='block_1_3' title="bbox 10 609 1382 3645">
    <p class='ocr_par' dir='ltr' id='par_1_3' title="bbox 10 609 1382 3645">
     <span class='ocr_line' id='line_1_3' title="bbox 78 609 1332 705; baseline 0.005 -29"><span class='ocrx_word' id='word_1_12' title='bbox 78 633 133 677; x_wconf 87' lang='grc' dir='ltr'><em>σει</em></span> <span class='ocrx_word' id='word_1_13' title='bbox 154 636 208 689; x_wconf 89' lang='grc' dir='ltr'><em>τις</em></span> <span class='ocrx_word' id='word_1_14' title='bbox 228 616 248 700; x_wconf 79' lang='grc' dir='ltr'><em>ἢ</em></span> <span class='ocrx_word' id='word_1_15' title='bbox 272 613 400 695; x_wconf 88' lang='grc' dir='ltr'><em>μάλλον</em></span> <span class='ocrx_word' id='word_1_16' title='bbox 423 618 558 679; x_wconf 75' lang='grc' dir='ltr'><em>ἐκείνων</em></span> <span class='ocrx_word' id='word_1_17' title='bbox 578 609 762 697; x_wconf 85' lang='grc' dir='ltr'><em>Ἀραδίων,·</em></span> <span class='ocrx_word' id='word_1_18' title='bbox 784 620 840 680; x_wconf 82' lang='grc' dir='ltr'><em>καί</em></span> <span class='ocrx_word' id='word_1_19' title='bbox 862 621 1008 701; x_wconf 89' lang='grc' dir='ltr'><em>πότερον</em></span> <span class='ocrx_word' id='word_1_20' title='bbox 1023 611 1224 705; x_wconf 80' lang='grc' dir='ltr'><em>Ἕλληναςῆ</em></span> <span class='ocrx_word' id='word_1_21' title='bbox 1250 623 1332 682; x_wconf 80' lang='grc' dir='ltr'><em>Φοι-</em></span> 
     </span>
     <span class='ocr_line' id='line_1_4' title="bbox 76 715 1333 807; baseline 0.002 -27"><span class='ocrx_word' id='word_1_22' title='bbox 76 718 177 780; x_wconf 87' lang='grc' dir='ltr'><em>νίκων</em></span> <span class='ocrx_word' id='word_1_23' title='bbox 199 719 278 791; x_wconf 80' lang='grc' dir='ltr'><em>τούς</em></span> <span class='ocrx_word' id='word_1_24' title='bbox 307 715 589 799; x_wconf 83' lang='grc' dir='ltr'><em>ἀσελγεστάτους;</em></span> <span class='ocrx_word' id='word_1_25' title='bbox 618 721 681 801; x_wconf 81' lang='grc' dir='ltr'><em>ἐγὼ</em></span> <span class='ocrx_word' id='word_1_26' title='bbox 704 722 766 799; x_wconf 84' lang='grc' dir='ltr'><em>μὲν</em></span> <span class='ocrx_word' id='word_1_27' title='bbox 788 720 849 804; x_wconf 89' lang='grc' dir='ltr'><em>γάρ</em></span> <span class='ocrx_word' id='word_1_28' title='bbox 872 726 1017 805; x_wconf 86' lang='grc' dir='ltr'><em>ηγοῦμαι</em></span> <span class='ocrx_word' id='word_1_29' title='bbox 1047 717 1175 800; x_wconf 81' lang='grc' dir='ltr'><em>μᾶλλον</em></span> <span class='ocrx_word' id='word_1_30' title='bbox 1204 724 1333 807; x_wconf 83' lang='grc' dir='ltr'><em>προση-</em></span> 
     </span>
     <span class='ocr_line' id='line_1_5' title="bbox 75 815 1332 906; baseline 0.004 -26"><span class='ocrx_word' id='word_1_31' title='bbox 75 839 146 881; x_wconf 87' lang='grc' dir='ltr'><em>κειν</em></span> <span class='ocrx_word' id='word_1_32' title='bbox 169 815 266 903; x_wconf 85' lang='grc' dir='ltr'><em>ἀνδρί</em></span> <span class='ocrx_word' id='word_1_33' title='bbox 290 821 444 904; x_wconf 87' lang='grc' dir='ltr'><em>σώφρονι</em></span> <span class='ocrx_word' id='word_1_34' title='bbox 466 822 501 881; x_wconf 89' lang='grc' dir='ltr'><em>ἐν</em></span> <span class='ocrx_word' id='word_1_35' title='bbox 523 823 662 904; x_wconf 81' lang='grc' dir='ltr'><em>τοιαύτη</em></span> <span class='ocrx_word' id='word_1_36' title='bbox 686 819 788 884; x_wconf 92' lang='grc' dir='ltr'><em>πόλει</em></span> <span class='ocrx_word' id='word_1_37' title='bbox 814 824 915 906; x_wconf 89' lang='grc' dir='ltr'><em>κηρόν</em></span> <span class='ocrx_word' id='word_1_38' title='bbox 942 819 1133 904; x_wconf 76' lang='grc' dir='ltr'><em>ἐπαλεῖψαι</em></span> <span class='ocrx_word' id='word_1_39' title='bbox 1154 828 1227 897; x_wconf 90' lang='grc' dir='ltr'><em>τοῖς</em></span> <span class='ocrx_word' id='word_1_40' title='bbox 1250 825 1332 886; x_wconf 85' lang='grc' dir='ltr'><em>ὠσίν</em></span> 
     </span>
     <span class='ocr_line' id='line_1_6' title="bbox 38 919 1332 1010; baseline 0.006 -32"><span class='ocrx_word' id='word_1_41' title='bbox 38 922 95 1005; x_wconf 75' lang='grc' dir='ltr'><em>όῆ</em></span> <span class='ocrx_word' id='word_1_42' title='bbox 120 922 151 983; x_wconf 89' lang='grc' dir='ltr'><em>εί</em></span> <span class='ocrx_word' id='word_1_43' title='bbox 173 921 234 995; x_wconf 90' lang='grc' dir='ltr'><em>τάς</em></span> <span class='ocrx_word' id='word_1_44' title='bbox 257 923 420 1005; x_wconf 82' lang='grc' dir='ltr'><em>Σειρῆνας</em></span> <span class='ocrx_word' id='word_1_45' title='bbox 443 919 653 1005; x_wconf 76' lang='grc' dir='ltr'><em>παραπλέων</em></span> <span class='ocrx_word' id='word_1_46' title='bbox 677 924 798 1002; x_wconf 81' lang='grc' dir='ltr'><em>ἔτυχεν.</em></span> <span class='ocrx_word' id='word_1_47' title='bbox 838 927 925 985; x_wconf 85' lang='grc' dir='ltr'><em>ὅπου</em></span> <span class='ocrx_word' id='word_1_48' title='bbox 947 925 1009 1003; x_wconf 76' lang='grc' dir='ltr'><em>μέν</em></span> <span class='ocrx_word' id='word_1_49' title='bbox 1030 924 1092 1008; x_wconf 88' lang='grc' dir='ltr'><em>γάρ</em></span> <span class='ocrx_word' id='word_1_50' title='bbox 1115 925 1243 1010; x_wconf 79' lang='grc' dir='ltr'><em>ὑπῆρχε</em></span> <span class='ocrx_word' id='word_1_51' title='bbox 1265 926 1332 986; x_wconf 89' lang='grc' dir='ltr'><em>θα-</em></span> 
     </span>
     <span class='ocr_line' id='line_1_7' title="bbox 76 1019 1332 1111; baseline 0.003 -27"><span class='ocrx_word' id='word_1_52' title='bbox 76 1025 178 1085; x_wconf 90' lang='grc' dir='ltr'><em>νάτου</em></span> <span class='ocrx_word' id='word_1_53' title='bbox 201 1019 362 1099; x_wconf 89' lang='grc' dir='ltr'><em>κίνδυνος,</em></span> <span class='ocrx_word' id='word_1_54' title='bbox 386 1025 473 1084; x_wconf 91' lang='grc' dir='ltr'><em>όπου</em></span> <span class='ocrx_word' id='word_1_55' title='bbox 497 1020 532 1084; x_wconf 91' lang='grc' dir='ltr'><em>δέ</em></span> <span class='ocrx_word' id='word_1_56' title='bbox 556 1021 742 1105; x_wconf 79' lang='grc' dir='ltr'><em>ἀσελγείας,</em></span> <span class='ocrx_word' id='word_1_57' title='bbox 765 1025 908 1108; x_wconf 78' lang='grc' dir='ltr'><em>ὕβρεως,</em></span> <span class='ocrx_word' id='word_1_58' title='bbox 935 1034 994 1110; x_wconf 79' lang='grc' dir='ltr'><em>τῆς</em></span> <span class='ocrx_word' id='word_1_59' title='bbox 1016 1027 1159 1110; x_wconf 82' lang='grc' dir='ltr'><em>ἐσχάτης</em></span> <span class='ocrx_word' id='word_1_60' title='bbox 1182 1023 1332 1111; x_wconf 91' lang='grc' dir='ltr'><em>διαφθο-</em></span> 
     </span>
     <span class='ocr_line' id='line_1_8' title="bbox 75 1115 1381 1213; baseline 0.003 -28"><span class='ocrx_word' id='word_1_61' title='bbox 75 1130 145 1210; x_wconf 84' lang='grc' dir='ltr'><em>ράς.</em></span> <span class='ocrx_word' id='word_1_62' title='bbox 182 1125 239 1186; x_wconf 84' lang='grc' dir='ltr'><em>καί</em></span> <span class='ocrx_word' id='word_1_63' title='bbox 254 1127 440 1208; x_wconf 89' lang='grc' dir='ltr'><em>πρόσεστιν</em></span> <span class='ocrx_word' id='word_1_64' title='bbox 464 1121 604 1203; x_wconf 75' lang='grc' dir='ltr'><em>οὐδεμία</em></span> <span class='ocrx_word' id='word_1_65' title='bbox 626 1131 749 1209; x_wconf 80' lang='grc' dir='ltr'><em>τέρψις</em></span> <span class='ocrx_word' id='word_1_66' title='bbox 773 1115 845 1187; x_wconf 58' lang='grc' dir='ltr'><em>οὐδ)</em></span> <span class='ocrx_word' id='word_1_67' title='bbox 873 1128 1006 1211; x_wconf 89' lang='grc' dir='ltr'><em>ίστορία</em></span> <span class='ocrx_word' id='word_1_68' title='bbox 1031 1125 1151 1212; x_wconf 79' lang='grc' dir='ltr'><em>δήπου.</em></span> <span class='ocrx_word' id='word_1_69' title='bbox 1245 1131 1328 1213; x_wconf 89' lang='grc' dir='ltr'><em>πρό·</em></span> <span class='ocrx_word' id='word_1_70' title='bbox 1340 1128 1381 1189; x_wconf 83' lang='grc'><em>42</em></span> 
     </span>
     <span class='ocr_line' id='line_1_9' title="bbox 76 1221 1333 1312; baseline 0.002 -24"><span class='ocrx_word' id='word_1_71' title='bbox 76 1246 172 1311; x_wconf 82' lang='grc' dir='ltr'><em>τερον</em></span> <span class='ocrx_word' id='word_1_72' title='bbox 201 1227 261 1306; x_wconf 82' lang='grc' dir='ltr'><em>μὲν</em></span> <span class='ocrx_word' id='word_1_73' title='bbox 292 1226 349 1287; x_wconf 84' lang='grc' dir='ltr'><em>οόν</em></span> <span class='ocrx_word' id='word_1_74' title='bbox 380 1230 399 1310; x_wconf 83' lang='grc' dir='ltr'><em>η</em></span> <span class='ocrx_word' id='word_1_75' title='bbox 424 1227 627 1309; x_wconf 87' lang='grc' dir='ltr'><em>παραίνεσις</em></span> <span class='ocrx_word' id='word_1_76' title='bbox 648 1235 715 1290; x_wconf 90' lang='grc' dir='ltr'><em>τῶν</em></span> <span class='ocrx_word' id='word_1_77' title='bbox 738 1230 923 1308; x_wconf 83' lang='grc' dir='ltr'><em>ἀμεινόνων</em></span> <span class='ocrx_word' id='word_1_78' title='bbox 946 1230 1093 1312; x_wconf 78' lang='grc' dir='ltr'><em>ἐκράτει,</em></span> <span class='ocrx_word' id='word_1_79' title='bbox 1123 1236 1180 1290; x_wconf 89' lang='grc' dir='ltr'><em>νῦν</em></span> <span class='ocrx_word' id='word_1_80' title='bbox 1204 1221 1255 1305; x_wconf 81' lang='grc' dir='ltr'><em>δ’,</em></span> <span class='ocrx_word' id='word_1_81' title='bbox 1286 1231 1333 1305; x_wconf 87' lang='grc' dir='ltr'><em>ὡς</em></span> 
     </span>
     <span class='ocr_line' id='line_1_10' title="bbox 76 1322 1333 1415; baseline 0.002 -24"><span class='ocrx_word' id='word_1_82' title='bbox 76 1330 180 1405; x_wconf 88' lang='grc' dir='ltr'><em>ἐοικε,</em></span> <span class='ocrx_word' id='word_1_83' title='bbox 209 1335 276 1389; x_wconf 91' lang='grc' dir='ltr'><em>τῶν</em></span> <span class='ocrx_word' id='word_1_84' title='bbox 295 1330 467 1411; x_wconf 86' lang='grc' dir='ltr'><em>χειρόνων.</em></span> <span class='ocrx_word' id='word_1_85' title='bbox 512 1329 694 1407; x_wconf 74' lang='grc' dir='ltr'><em>θαυμάσαι</em></span> <span class='ocrx_word' id='word_1_86' title='bbox 718 1322 750 1389; x_wconf 74' lang='grc' dir='ltr'><em>δ’</em></span> <span class='ocrx_word' id='word_1_87' title='bbox 776 1332 817 1391; x_wconf 90' lang='grc' dir='ltr'><em>ἀν</em></span> <span class='ocrx_word' id='word_1_88' title='bbox 840 1351 893 1404; x_wconf 91' lang='grc' dir='ltr'><em>τις</em></span> <span class='ocrx_word' id='word_1_89' title='bbox 914 1331 973 1415; x_wconf 80' lang='grc' dir='ltr'><em>την</em></span> <span class='ocrx_word' id='word_1_90' title='bbox 997 1331 1109 1392; x_wconf 79' lang='grc' dir='ltr'><em>αἰτίαν</em></span> <span class='ocrx_word' id='word_1_91' title='bbox 1132 1338 1193 1391; x_wconf 91' lang='grc' dir='ltr'><em>τοῦ</em></span> <span class='ocrx_word' id='word_1_92' title='bbox 1215 1326 1333 1414; x_wconf 80' lang='grc' dir='ltr'><em>ζηλοῦν</em></span> 
     </span>
     <span class='ocr_line' id='line_1_11' title="bbox 22 1426 1332 1517; baseline 0.005 -30"><span class='ocrx_word' id='word_1_93' title='bbox 22 1436 52 1488; x_wconf 81' lang='lat' dir='ltr'><em>lo</em></span> <span class='ocrx_word' id='word_1_94' title='bbox 75 1431 155 1491; x_wconf 83' lang='grc' dir='ltr'><em>αάτδ</em></span> <span class='ocrx_word' id='word_1_95' title='bbox 186 1432 265 1504; x_wconf 82' lang='grc' dir='ltr'><em>τοῦς</em></span> <span class='ocrx_word' id='word_1_96' title='bbox 294 1426 434 1503; x_wconf 86' lang='grc' dir='ltr'><em>πλείους</em></span> <span class='ocrx_word' id='word_1_97' title='bbox 461 1427 587 1491; x_wconf 92' lang='grc' dir='ltr'><em>ἐνθάδε</em></span> <span class='ocrx_word' id='word_1_98' title='bbox 616 1432 673 1491; x_wconf 86' lang='grc' dir='ltr'><em>καί</em></span> <span class='ocrx_word' id='word_1_99' title='bbox 700 1432 948 1516; x_wconf 75' lang='grc' dir='ltr'><em>συνηθέστερον</em></span> <span class='ocrx_word' id='word_1_100' title='bbox 971 1432 1025 1493; x_wconf 83' lang='grc' dir='ltr'><em>ἀεί</em></span> <span class='ocrx_word' id='word_1_101' title='bbox 1046 1432 1226 1513; x_wconf 90' lang='grc' dir='ltr'><em>γίγνεσθαι</em></span> <span class='ocrx_word' id='word_1_102' title='bbox 1248 1451 1332 1517; x_wconf 91' lang='grc' dir='ltr'><em>προ-</em></span> 
     </span>
     <span class='ocr_line' id='line_1_12' title="bbox 74 1522 1335 1618; baseline 0.003 -25"><span class='ocrx_word' id='word_1_103' title='bbox 74 1533 201 1614; x_wconf 80' lang='grc' dir='ltr'><em>βαῖνον.</em></span> <span class='ocrx_word' id='word_1_104' title='bbox 268 1533 383 1613; x_wconf 86' lang='grc' dir='ltr'><em>ὥσπερ</em></span> <span class='ocrx_word' id='word_1_105' title='bbox 409 1522 535 1616; x_wconf 79' lang='grc' dir='ltr'><em>Ἰωνική</em></span> <span class='ocrx_word' id='word_1_106' title='bbox 563 1552 615 1606; x_wconf 93' lang='grc' dir='ltr'><em>τις</em></span> <span class='ocrx_word' id='word_1_107' title='bbox 638 1534 818 1618; x_wconf 87' lang='grc' dir='ltr'><em>ἐκράτησεν</em></span> <span class='ocrx_word' id='word_1_108' title='bbox 847 1535 992 1618; x_wconf 88' lang='grc' dir='ltr'><em>άρμονία</em></span> <span class='ocrx_word' id='word_1_109' title='bbox 1023 1535 1081 1595; x_wconf 86' lang='grc' dir='ltr'><em>καί</em></span> <span class='ocrx_word' id='word_1_110' title='bbox 1108 1535 1246 1618; x_wconf 86' lang='grc' dir='ltr'><em>’Δώριος</em></span> <span class='ocrx_word' id='word_1_111' title='bbox 1278 1536 1335 1597; x_wconf 84' lang='grc' dir='ltr'><em>καὶ</em></span> 
     </span>
     <span class='ocr_line' id='line_1_13' title="bbox 76 1627 1332 1720; baseline 0.002 -25"><span class='ocrx_word' id='word_1_112' title='bbox 76 1636 224 1718; x_wconf 81' lang='grc' dir='ltr'><em>Φρύγιος</em></span> <span class='ocrx_word' id='word_1_113' title='bbox 246 1631 329 1718; x_wconf 88' lang='grc' dir='ltr'><em>άλλη</em></span> <span class='ocrx_word' id='word_1_114' title='bbox 352 1635 408 1695; x_wconf 82' lang='grc' dir='ltr'><em>καί</em></span> <span class='ocrx_word' id='word_1_115' title='bbox 429 1630 579 1709; x_wconf 82' lang='grc' dir='ltr'><em>Λύδιος·</em></span> <span class='ocrx_word' id='word_1_116' title='bbox 604 1635 711 1708; x_wconf 82' lang='grc' dir='ltr'><em>οὕτως</em></span> <span class='ocrx_word' id='word_1_117' title='bbox 733 1641 789 1696; x_wconf 90' lang='grc' dir='ltr'><em>νῦν</em></span> <span class='ocrx_word' id='word_1_118' title='bbox 811 1638 830 1716; x_wconf 85' lang='grc' dir='ltr'><em>η</em></span> <span class='ocrx_word' id='word_1_119' title='bbox 854 1642 921 1697; x_wconf 90' lang='grc' dir='ltr'><em>τῶν</em></span> <span class='ocrx_word' id='word_1_120' title='bbox 933 1627 1100 1720; x_wconf 83' lang='grc' dir='ltr'><em>Ἀραδίων</em></span> <span class='ocrx_word' id='word_1_121' title='bbox 1122 1640 1243 1719; x_wconf 89' lang='grc' dir='ltr'><em>κρατεῖ</em></span> <span class='ocrx_word' id='word_1_122' title='bbox 1252 1657 1332 1714; x_wconf 91' lang='grc' dir='ltr'><em>μου·</em></span> 
     </span>
     <span class='ocr_line' id='line_1_14' title="bbox 76 1737 1332 1822; baseline 0.002 -25"><span class='ocrx_word' id='word_1_123' title='bbox 76 1738 169 1821; x_wconf 80' lang='grc' dir='ltr'><em>σική,</em></span> <span class='ocrx_word' id='word_1_124' title='bbox 197 1738 254 1798; x_wconf 83' lang='grc' dir='ltr'><em>καί</em></span> <span class='ocrx_word' id='word_1_125' title='bbox 282 1737 323 1797; x_wconf 92' lang='grc' dir='ltr'><em>τά</em></span> <span class='ocrx_word' id='word_1_126' title='bbox 349 1738 517 1798; x_wconf 80' lang='grc' dir='ltr'><em>Φοινίκων</em></span> <span class='ocrx_word' id='word_1_127' title='bbox 547 1737 625 1814; x_wconf 81' lang='grc' dir='ltr'><em>ὑμῖν</em></span> <span class='ocrx_word' id='word_1_128' title='bbox 653 1739 825 1819; x_wconf 86' lang='grc' dir='ltr'><em>κρούματα</em></span> <span class='ocrx_word' id='word_1_129' title='bbox 858 1738 1008 1820; x_wconf 92' lang='grc' dir='ltr'><em>ἀρέσκει,</em></span> <span class='ocrx_word' id='word_1_130' title='bbox 1040 1739 1096 1798; x_wconf 86' lang='grc' dir='ltr'><em>καί</em></span> <span class='ocrx_word' id='word_1_131' title='bbox 1118 1739 1176 1799; x_wconf 89' lang='grc' dir='ltr'><em>τόν</em></span> <span class='ocrx_word' id='word_1_132' title='bbox 1198 1738 1332 1822; x_wconf 70' lang='grc' dir='ltr'><em>ρὐθμδν</em></span> 
     </span>
     <span class='ocr_line' id='line_1_15' title="bbox 74 1835 1382 1923; baseline 0.003 -24"><span class='ocrx_word' id='word_1_133' title='bbox 74 1845 193 1900; x_wconf 90' lang='grc' dir='ltr'><em>τοῦτον</em></span> <span class='ocrx_word' id='word_1_134' title='bbox 216 1836 397 1922; x_wconf 84' lang='grc' dir='ltr'><em>ἐξαιρέτως</em></span> <span class='ocrx_word' id='word_1_135' title='bbox 419 1839 623 1923; x_wconf 76' lang='grc' dir='ltr'><em>ἠγαπήκατε,</em></span> <span class='ocrx_word' id='word_1_136' title='bbox 652 1838 767 1920; x_wconf 87' lang='grc' dir='ltr'><em>ὥσπερ</em></span> <span class='ocrx_word' id='word_1_137' title='bbox 792 1840 900 1920; x_wconf 89' lang='grc' dir='ltr'><em>έτεροι</em></span> <span class='ocrx_word' id='word_1_138' title='bbox 923 1840 981 1898; x_wconf 91' lang='grc' dir='ltr'><em>τόν</em></span> <span class='ocrx_word' id='word_1_139' title='bbox 1006 1835 1202 1899; x_wconf 76' lang='grc' dir='ltr'><em>σπονδεῖον·</em></span> <span class='ocrx_word' id='word_1_140' title='bbox 1232 1840 1252 1922; x_wconf 79' lang='grc' dir='ltr'><em>ἢ</em></span> <span class='ocrx_word' id='word_1_141' title='bbox 1275 1842 1331 1902; x_wconf 86' lang='grc' dir='ltr'><em>καί</em></span> <span class='ocrx_word' id='word_1_142' title='bbox 1341 1840 1382 1903; x_wconf 89' lang='grc'><em>43</em></span> 
     </span>
     <span class='ocr_line' id='line_1_16' title="bbox 22 1938 1332 2025; baseline 0.003 -28"><span class='ocrx_word' id='word_1_143' title='bbox 22 1946 51 1997; x_wconf 80' lang='lat' dir='ltr'><em>lo</em></span> <span class='ocrx_word' id='word_1_144' title='bbox 75 1945 170 2022; x_wconf 90' lang='grc' dir='ltr'><em>γένος</em></span> <span class='ocrx_word' id='word_1_145' title='bbox 192 1962 227 2002; x_wconf 90' lang='grc' dir='ltr'><em>τι</em></span> <span class='ocrx_word' id='word_1_146' title='bbox 250 1945 401 2025; x_wconf 80' lang='grc' dir='ltr'><em>πέφηνεν</em></span> <span class='ocrx_word' id='word_1_147' title='bbox 424 1940 622 2020; x_wconf 85' lang='grc' dir='ltr'><em>ἀνθρώπων</em></span> <span class='ocrx_word' id='word_1_148' title='bbox 637 1942 713 2010; x_wconf 91' lang='grc' dir='ltr'><em>ταῖς</em></span> <span class='ocrx_word' id='word_1_149' title='bbox 728 1939 819 2020; x_wconf 82' lang='grc' dir='ltr'><em>ῥισίν</em></span> <span class='ocrx_word' id='word_1_150' title='bbox 836 1938 1009 2017; x_wconf 86' lang='grc' dir='ltr'><em>εόμουσον,</em></span> <span class='ocrx_word' id='word_1_151' title='bbox 1034 1940 1150 2021; x_wconf 84' lang='grc' dir='ltr'><em>ὥσπερ</em></span> <span class='ocrx_word' id='word_1_152' title='bbox 1166 1941 1245 2012; x_wconf 87' lang='grc' dir='ltr'><em>τοδς</em></span> <span class='ocrx_word' id='word_1_153' title='bbox 1259 1943 1332 2001; x_wconf 88' lang='grc' dir='ltr'><em>κόκ-</em></span> 
     </span>
     <span class='ocr_line' id='line_1_17' title="bbox 75 2035 1332 2127; baseline -0.002 -23"><span class='ocrx_word' id='word_1_154' title='bbox 75 2062 152 2117; x_wconf 88' lang='grc' dir='ltr'><em>νους</em></span> <span class='ocrx_word' id='word_1_155' title='bbox 185 2044 273 2127; x_wconf 82' lang='grc' dir='ltr'><em>φασὶ</em></span> <span class='ocrx_word' id='word_1_156' title='bbox 301 2046 375 2115; x_wconf 91' lang='grc' dir='ltr'><em>τοῖς</em></span> <span class='ocrx_word' id='word_1_157' title='bbox 404 2044 559 2123; x_wconf 88' lang='grc' dir='ltr'><em>πτεροῖς,</em></span> <span class='ocrx_word' id='word_1_158' title='bbox 589 2040 709 2099; x_wconf 87' lang='grc' dir='ltr'><em>ἔπειτα</em></span> <span class='ocrx_word' id='word_1_159' title='bbox 737 2045 805 2099; x_wconf 89' lang='grc' dir='ltr'><em>τῶν</em></span> <span class='ocrx_word' id='word_1_160' title='bbox 835 2035 1033 2123; x_wconf 83' lang='grc' dir='ltr'><em>λιγυφώνων</em></span> <span class='ocrx_word' id='word_1_161' title='bbox 1055 2043 1184 2123; x_wconf 90' lang='grc' dir='ltr'><em>τρόπον</em></span> <span class='ocrx_word' id='word_1_162' title='bbox 1208 2041 1332 2124; x_wconf 90' lang='grc' dir='ltr'><em>ἀρνέων</em></span> 
     </span>
     <span class='ocr_line' id='line_1_18' title="bbox 75 2134 1332 2227; baseline -0.003 -21"><span class='ocrx_word' id='word_1_163' title='bbox 75 2148 259 2227; x_wconf 89' lang='grc' dir='ltr'><em>τέρπουσιν</em></span> <span class='ocrx_word' id='word_1_164' title='bbox 283 2139 447 2226; x_wconf 81' lang='grc' dir='ltr'><em>ἀλλήλους</em></span> <span class='ocrx_word' id='word_1_165' title='bbox 470 2142 504 2200; x_wconf 86' lang='grc' dir='ltr'><em>έν</em></span> <span class='ocrx_word' id='word_1_166' title='bbox 527 2160 562 2200; x_wconf 91' lang='grc' dir='ltr'><em>τε</em></span> <span class='ocrx_word' id='word_1_167' title='bbox 586 2143 662 2212; x_wconf 88' lang='grc' dir='ltr'><em>ταῖς</em></span> <span class='ocrx_word' id='word_1_168' title='bbox 685 2134 779 2212; x_wconf 87' lang='grc' dir='ltr'><em>όδοῖς</em></span> <span class='ocrx_word' id='word_1_169' title='bbox 800 2141 857 2200; x_wconf 85' lang='grc' dir='ltr'><em>καὶ</em></span> <span class='ocrx_word' id='word_1_170' title='bbox 878 2143 972 2226; x_wconf 91' lang='grc' dir='ltr'><em>παρά</em></span> <span class='ocrx_word' id='word_1_171' title='bbox 995 2143 1036 2202; x_wconf 91' lang='grc' dir='ltr'><em>τά</em></span> <span class='ocrx_word' id='word_1_172' title='bbox 1061 2139 1243 2220; x_wconf 84' lang='grc' dir='ltr'><em>ξυμπόσια,</em></span> <span class='ocrx_word' id='word_1_173' title='bbox 1270 2163 1332 2226; x_wconf 94' lang='grc' dir='ltr'><em>μη-</em></span> 
     </span>
     <span class='ocr_line' id='line_1_19' title="bbox 10 2236 1332 2328; baseline 0.002 -25"><span class='ocrx_word' id='word_1_174' title='bbox 10 2257 57 2309; x_wconf 63' lang='lat' dir='ltr'><em>iii)</em></span> <span class='ocrx_word' id='word_1_175' title='bbox 76 2241 130 2306; x_wconf 88' lang='grc' dir='ltr'><em>δέν</em></span> <span class='ocrx_word' id='word_1_176' title='bbox 148 2243 302 2324; x_wconf 90' lang='grc' dir='ltr'><em>δεόμενοι</em></span> <span class='ocrx_word' id='word_1_177' title='bbox 319 2241 420 2326; x_wconf 89' lang='grc' dir='ltr'><em>λύρας</em></span> <span class='ocrx_word' id='word_1_178' title='bbox 435 2238 520 2324; x_wconf 83' lang='grc' dir='ltr'><em>μηδὲ</em></span> <span class='ocrx_word' id='word_1_179' title='bbox 537 2236 646 2302; x_wconf 83' lang='grc' dir='ltr'><em>αὐλῶν</em></span> <span class='ocrx_word' id='word_1_180' title='bbox 662 2271 704 2282; x_wconf 91' lang='grc'>-</span> <span class='ocrx_word' id='word_1_181' title='bbox 720 2241 841 2323; x_wconf 92' lang='grc' dir='ltr'><em>ἀρχαῖα</em></span> <span class='ocrx_word' id='word_1_182' title='bbox 866 2239 904 2327; x_wconf 81' lang='grc' dir='ltr'><em>δη</em></span> <span class='ocrx_word' id='word_1_183' title='bbox 922 2245 1098 2305; x_wconf 86' lang='grc' dir='ltr'><em>ταῦτακαὶ</em></span> <span class='ocrx_word' id='word_1_184' title='bbox 1121 2240 1265 2328; x_wconf 88' lang='grc' dir='ltr'><em>σκληροῖς</em></span> <span class='ocrx_word' id='word_1_185' title='bbox 1281 2245 1332 2305; x_wconf 85' lang='grc' dir='ltr'><em>ἔτι</em></span> 
     </span>
     <span class='ocr_line' id='line_1_20' title="bbox 73 2341 1332 2429; baseline 0 -22"><span class='ocrx_word' id='word_1_186' title='bbox 73 2349 130 2408; x_wconf 82' lang='grc' dir='ltr'><em>καὶ</em></span> <span class='ocrx_word' id='word_1_187' title='bbox 145 2347 302 2429; x_wconf 91' lang='grc' dir='ltr'><em>ἀγροίκου</em></span> <span class='ocrx_word' id='word_1_188' title='bbox 319 2346 412 2416; x_wconf 88' lang='grc' dir='ltr'><em>τινός</em></span> <span class='ocrx_word' id='word_1_189' title='bbox 426 2349 589 2426; x_wconf 79' lang='grc' dir='ltr'><em>μουσικῆς</em></span> <span class='ocrx_word' id='word_1_190' title='bbox 613 2343 737 2425; x_wconf 88' lang='grc' dir='ltr'><em>όργανα</em></span> <span class='ocrx_word' id='word_1_191' title='bbox 754 2350 868 2405; x_wconf 90' lang='grc' dir='ltr'><em>-νῦν</em></span> <span class='ocrx_word' id='word_1_192' title='bbox 885 2341 920 2405; x_wconf 86' lang='grc' dir='ltr'><em>δὲ</em></span> <span class='ocrx_word' id='word_1_193' title='bbox 944 2348 1072 2428; x_wconf 91' lang='grc' dir='ltr'><em>τρόπος</em></span> <span class='ocrx_word' id='word_1_194' title='bbox 1095 2341 1197 2420; x_wconf 89' lang='grc' dir='ltr'><em>ἀλλος</em></span> <span class='ocrx_word' id='word_1_195' title='bbox 1220 2347 1332 2423; x_wconf 89' lang='grc' dir='ltr'><em>ἀνθεῖ,</em></span> 
     </span>
     <span class='ocr_line' id='line_1_21' title="bbox 20 2444 1333 2532; baseline 0.001 -23"><span class='ocrx_word' id='word_1_196' title='bbox 20 2458 50 2509; x_wconf 80' lang='lat'><em>20</em></span> <span class='ocrx_word' id='word_1_197' title='bbox 72 2449 243 2532; x_wconf 84' lang='grc' dir='ltr'><em>βαρβίτων</em></span> <span class='ocrx_word' id='word_1_198' title='bbox 266 2447 426 2529; x_wconf 92' lang='grc' dir='ltr'><em>κρείττων</em></span> <span class='ocrx_word' id='word_1_199' title='bbox 448 2444 505 2505; x_wconf 87' lang='grc' dir='ltr'><em>καί</em></span> <span class='ocrx_word' id='word_1_200' title='bbox 534 2447 813 2527; x_wconf 88' lang='grc' dir='ltr'><em>προσηνέστερος.</em></span> <span class='ocrx_word' id='word_1_201' title='bbox 860 2446 977 2507; x_wconf 87' lang='grc' dir='ltr'><em>οάκοῦν</em></span> <span class='ocrx_word' id='word_1_202' title='bbox 1007 2447 1091 2525; x_wconf 91' lang='grc' dir='ltr'><em>μετά</em></span> <span class='ocrx_word' id='word_1_203' title='bbox 1111 2449 1247 2531; x_wconf 86' lang='grc' dir='ltr'><em>χρόνον,</em></span> <span class='ocrx_word' id='word_1_204' title='bbox 1276 2449 1333 2510; x_wconf 89' lang='grc' dir='ltr'><em>καί</em></span> 
     </span>
     <span class='ocr_line' id='line_1_22' title="bbox 71 2544 1332 2632; baseline 0.002 -24"><span class='ocrx_word' id='word_1_205' title='bbox 71 2550 194 2632; x_wconf 85' lang='grc' dir='ltr'><em>χοροδς</em></span> <span class='ocrx_word' id='word_1_206' title='bbox 230 2549 297 2608; x_wconf 81' lang='grc' dir='ltr'><em>ὑπό</em></span> <span class='ocrx_word' id='word_1_207' title='bbox 327 2545 374 2628; x_wconf 74' lang='grc' dir='ltr'><em>τῷ</em></span> <span class='ocrx_word' id='word_1_208' title='bbox 408 2544 503 2625; x_wconf 89' lang='grc' dir='ltr'><em>μέλει</em></span> <span class='ocrx_word' id='word_1_209' title='bbox 531 2546 638 2626; x_wconf 80' lang='grc' dir='ltr'><em>τούτῳ</em></span> <span class='ocrx_word' id='word_1_210' title='bbox 672 2547 870 2628; x_wconf 74' lang='grc' dir='ltr'><em>στησόμεθα</em></span> <span class='ocrx_word' id='word_1_211' title='bbox 900 2545 1035 2608; x_wconf 92' lang='grc' dir='ltr'><em>παίδων</em></span> <span class='ocrx_word' id='word_1_212' title='bbox 1062 2550 1119 2609; x_wconf 86' lang='grc' dir='ltr'><em>καί</em></span> <span class='ocrx_word' id='word_1_213' title='bbox 1147 2549 1332 2631; x_wconf 89' lang='grc' dir='ltr'><em>παρθένων</em></span> 
     </span>
     <span class='ocr_line' id='line_1_23' title="bbox 73 2645 508 2729; baseline -0.007 -19"><span class='ocrx_word' id='word_1_214' title='bbox 73 2646 244 2729; x_wconf 83' lang='grc' dir='ltr'><em>ἐπιμελῶς</em></span> <span class='ocrx_word' id='word_1_215' title='bbox 266 2645 508 2724; x_wconf 86' lang='grc' dir='ltr'><em>ἐκδιδάξαντες.</em></span> 
     </span>
     <span class='ocr_line' id='line_1_24' title="bbox 159 2740 1382 2834; baseline 0.004 -24"><span class='ocrx_word' id='word_1_216' title='bbox 159 2740 234 2810; x_wconf 73' lang='grc' dir='ltr'><em>ἀλλ’</em></span> <span class='ocrx_word' id='word_1_217' title='bbox 266 2753 319 2813; x_wconf 91' lang='grc' dir='ltr'><em>ότι</em></span> <span class='ocrx_word' id='word_1_218' title='bbox 348 2753 408 2830; x_wconf 81' lang='grc' dir='ltr'><em>μὲν</em></span> <span class='ocrx_word' id='word_1_219' title='bbox 432 2749 588 2828; x_wconf 88' lang='grc' dir='ltr'><em>ἀχθεσθε</em></span> <span class='ocrx_word' id='word_1_220' title='bbox 612 2749 789 2822; x_wconf 85' lang='grc' dir='ltr'><em>ἀκούοντες</em></span> <span class='ocrx_word' id='word_1_221' title='bbox 813 2755 934 2833; x_wconf 84' lang='grc' dir='ltr'><em>σαφῶς</em></span> <span class='ocrx_word' id='word_1_222' title='bbox 957 2746 1051 2826; x_wconf 86' lang='grc' dir='ltr'><em>οίδα,</em></span> <span class='ocrx_word' id='word_1_223' title='bbox 1082 2751 1138 2811; x_wconf 85' lang='grc' dir='ltr'><em>καί</em></span> <span class='ocrx_word' id='word_1_224' title='bbox 1161 2755 1382 2834; x_wconf 85' lang='grc' dir='ltr'><em>προεῖπον44</em></span> 
     </span>
     <span class='ocr_line' id='line_1_25' title="bbox 73 2843 1332 2937; baseline 0.002 -25"><span class='ocrx_word' id='word_1_225' title='bbox 73 2854 126 2913; x_wconf 91' lang='grc' dir='ltr'><em>ότι</em></span> <span class='ocrx_word' id='word_1_226' title='bbox 155 2854 234 2926; x_wconf 82' lang='grc' dir='ltr'><em>τους</em></span> <span class='ocrx_word' id='word_1_227' title='bbox 262 2849 380 2934; x_wconf 88' lang='grc' dir='ltr'><em>λόγους</em></span> <span class='ocrx_word' id='word_1_228' title='bbox 408 2846 624 2925; x_wconf 72' lang='grc' dir='ltr'><em>ἀποδέξεσθε</em></span> <span class='ocrx_word' id='word_1_229' title='bbox 655 2850 713 2927; x_wconf 81' lang='grc' dir='ltr'><em>οὐχ</em></span> <span class='ocrx_word' id='word_1_230' title='bbox 742 2847 857 2930; x_wconf 79' lang='grc' dir='ltr'><em>ηδέως.</em></span> <span class='ocrx_word' id='word_1_231' title='bbox 902 2853 998 2930; x_wconf 84' lang='grc' dir='ltr'><em>ὑμεῖς</em></span> <span class='ocrx_word' id='word_1_232' title='bbox 1023 2843 1054 2912; x_wconf 78' lang='grc' dir='ltr'><em>δ’</em></span> <span class='ocrx_word' id='word_1_233' title='bbox 1082 2850 1165 2926; x_wconf 87' lang='grc' dir='ltr'><em>ἴσως</em></span> <span class='ocrx_word' id='word_1_234' title='bbox 1187 2873 1228 2932; x_wconf 87' lang='grc' dir='ltr'><em>με</em></span> <span class='ocrx_word' id='word_1_235' title='bbox 1251 2855 1332 2937; x_wconf 80' lang='grc' dir='ltr'><em>περὶ</em></span> 
     </span>
     <span class='ocr_line' id='line_1_26' title="bbox 22 2947 1330 3039; baseline -0.002 -21"><span class='ocrx_word' id='word_1_236' title='bbox 22 2968 51 3018; x_wconf 69' lang='lat' dir='ltr'><em>io</em></span> <span class='ocrx_word' id='word_1_237' title='bbox 74 2956 207 3037; x_wconf 91' lang='grc' dir='ltr'><em>ἀστρων</em></span> <span class='ocrx_word' id='word_1_238' title='bbox 235 2957 291 3016; x_wconf 85' lang='grc' dir='ltr'><em>καί</em></span> <span class='ocrx_word' id='word_1_239' title='bbox 320 2962 379 3039; x_wconf 80' lang='grc' dir='ltr'><em>γῆς</em></span> <span class='ocrx_word' id='word_1_240' title='bbox 409 2950 555 3014; x_wconf 88' lang='grc' dir='ltr'><em>ἐδοκεῖτε</em></span> <span class='ocrx_word' id='word_1_241' title='bbox 580 2947 810 3026; x_wconf 84' lang='grc' dir='ltr'><em>διαλέξεσθαι.</em></span> <span class='ocrx_word' id='word_1_242' title='bbox 854 2954 910 3014; x_wconf 81' lang='grc' dir='ltr'><em>καί</em></span> <span class='ocrx_word' id='word_1_243' title='bbox 932 2954 1022 3026; x_wconf 82' lang='grc' dir='ltr'><em>τινὲς</em></span> <span class='ocrx_word' id='word_1_244' title='bbox 1043 2955 1104 3032; x_wconf 80' lang='grc' dir='ltr'><em>μὲν</em></span> <span class='ocrx_word' id='word_1_245' title='bbox 1126 2955 1218 3033; x_wconf 84' lang='grc' dir='ltr'><em>ἀμῶν</em></span> <span class='ocrx_word' id='word_1_246' title='bbox 1242 2956 1330 3038; x_wconf 86' lang='grc' dir='ltr'><em>ἀργί-</em></span> 
     </span>
     <span class='ocr_line' id='line_1_27' title="bbox 74 3048 1331 3141; baseline 0.002 -25"><span class='ocrx_word' id='word_1_247' title='bbox 74 3051 189 3132; x_wconf 88' lang='grc' dir='ltr'><em>ζονται</em></span> <span class='ocrx_word' id='word_1_248' title='bbox 210 3057 268 3116; x_wconf 94' lang='grc' dir='ltr'><em>καί</em></span> <span class='ocrx_word' id='word_1_249' title='bbox 290 3057 378 3141; x_wconf 88' lang='grc' dir='ltr'><em>φασί</em></span> <span class='ocrx_word' id='word_1_250' title='bbox 399 3075 441 3134; x_wconf 88' lang='grc' dir='ltr'><em>με</em></span> <span class='ocrx_word' id='word_1_251' title='bbox 464 3048 610 3136; x_wconf 81' lang='grc' dir='ltr'><em>ὑβρίζειν</em></span> <span class='ocrx_word' id='word_1_252' title='bbox 632 3055 691 3137; x_wconf 83' lang='grc' dir='ltr'><em>την</em></span> <span class='ocrx_word' id='word_1_253' title='bbox 715 3050 833 3129; x_wconf 89' lang='grc' dir='ltr'><em>πόλιν,</em></span> <span class='ocrx_word' id='word_1_254' title='bbox 856 3056 935 3129; x_wconf 83' lang='grc' dir='ltr'><em>τους</em></span> <span class='ocrx_word' id='word_1_255' title='bbox 959 3052 994 3116; x_wconf 86' lang='grc' dir='ltr'><em>δέ</em></span> <span class='ocrx_word' id='word_1_256' title='bbox 1018 3064 1123 3117; x_wconf 90' lang='grc' dir='ltr'><em>ταῦτα</em></span> <span class='ocrx_word' id='word_1_257' title='bbox 1146 3064 1331 3132; x_wconf 79' lang='grc' dir='ltr'><em>ποιοῦντας</em></span> 
     </span>
     <span class='ocr_line' id='line_1_28' title="bbox 74 3151 1330 3242; baseline 0.002 -24"><span class='ocrx_word' id='word_1_258' title='bbox 74 3159 132 3218; x_wconf 80' lang='grc' dir='ltr'><em>οὐκ</em></span> <span class='ocrx_word' id='word_1_259' title='bbox 156 3160 349 3218; x_wconf 85' lang='grc' dir='ltr'><em>αἰτιῶνται·</em></span> <span class='ocrx_word' id='word_1_260' title='bbox 373 3158 463 3230; x_wconf 82' lang='grc' dir='ltr'><em>τινὲς</em></span> <span class='ocrx_word' id='word_1_261' title='bbox 487 3153 522 3216; x_wconf 87' lang='grc' dir='ltr'><em>δέ</em></span> <span class='ocrx_word' id='word_1_262' title='bbox 548 3154 631 3228; x_wconf 87' lang='grc' dir='ltr'><em>ἴσως</em></span> <span class='ocrx_word' id='word_1_263' title='bbox 652 3151 891 3236; x_wconf 86' lang='grc' dir='ltr'><em>καταγελῶσιν,</em></span> <span class='ocrx_word' id='word_1_264' title='bbox 916 3157 946 3216; x_wconf 87' lang='grc' dir='ltr'><em>εί</em></span> <span class='ocrx_word' id='word_1_265' title='bbox 969 3159 1049 3241; x_wconf 82' lang='grc' dir='ltr'><em>περὶ</em></span> <span class='ocrx_word' id='word_1_266' title='bbox 1066 3155 1330 3242; x_wconf 89' lang='grc' dir='ltr'><em>μηδενδςκρείτ-</em></span> 
     </span>
     <span class='ocr_line' id='line_1_29' title="bbox 73 3251 1330 3342; baseline 0 -22"><span class='ocrx_word' id='word_1_267' title='bbox 73 3279 170 3334; x_wconf 89' lang='grc' dir='ltr'><em>τονος</em></span> <span class='ocrx_word' id='word_1_268' title='bbox 193 3257 289 3342; x_wconf 84' lang='grc' dir='ltr'><em>εόρον</em></span> <span class='ocrx_word' id='word_1_269' title='bbox 313 3260 439 3320; x_wconf 88' lang='grc' dir='ltr'><em>εἰπεῖν·</em></span> <span class='ocrx_word' id='word_1_270' title='bbox 463 3259 527 3339; x_wconf 84' lang='grc' dir='ltr'><em>ἐγὼ</em></span> <span class='ocrx_word' id='word_1_271' title='bbox 552 3255 587 3319; x_wconf 90' lang='grc' dir='ltr'><em>δέ</em></span> <span class='ocrx_word' id='word_1_272' title='bbox 611 3259 677 3341; x_wconf 86' lang='grc' dir='ltr'><em>ὁρῶ</em></span> <span class='ocrx_word' id='word_1_273' title='bbox 700 3258 756 3317; x_wconf 84' lang='grc' dir='ltr'><em>καί</em></span> <span class='ocrx_word' id='word_1_274' title='bbox 778 3257 857 3329; x_wconf 85' lang='grc' dir='ltr'><em>τοδς</em></span> <span class='ocrx_word' id='word_1_275' title='bbox 880 3258 1016 3340; x_wconf 88' lang='grc' dir='ltr'><em>ίατροδς</em></span> <span class='ocrx_word' id='word_1_276' title='bbox 1039 3251 1120 3320; x_wconf 77' lang='grc' dir='ltr'><em>ἐσθ’</em></span> <span class='ocrx_word' id='word_1_277' title='bbox 1146 3264 1201 3322; x_wconf 90' lang='grc' dir='ltr'><em>ότε</em></span> <span class='ocrx_word' id='word_1_278' title='bbox 1224 3263 1330 3322; x_wconf 89' lang='grc' dir='ltr'><em>ἀπτο-</em></span> 
     </span>
     <span class='ocr_line' id='line_1_30' title="bbox 72 3354 1331 3443; baseline 0 -20"><span class='ocrx_word' id='word_1_279' title='bbox 72 3367 193 3440; x_wconf 83' lang='grc' dir='ltr'><em>μένους</em></span> <span class='ocrx_word' id='word_1_280' title='bbox 216 3360 262 3422; x_wconf 84' lang='grc' dir='ltr'><em>ὥν</em></span> <span class='ocrx_word' id='word_1_281' title='bbox 287 3361 344 3421; x_wconf 87' lang='grc' dir='ltr'><em>οάκ</em></span> <span class='ocrx_word' id='word_1_282' title='bbox 366 3361 406 3421; x_wconf 86' lang='grc' dir='ltr'><em>ἂν</em></span> <span class='ocrx_word' id='word_1_283' title='bbox 429 3357 572 3443; x_wconf 71' lang='grc' dir='ltr'><em>ἤθελον,</em></span> <span class='ocrx_word' id='word_1_284' title='bbox 603 3360 675 3437; x_wconf 82' lang='grc' dir='ltr'><em>οὐχὶ</em></span> <span class='ocrx_word' id='word_1_285' title='bbox 696 3364 763 3419; x_wconf 94' lang='grc' dir='ltr'><em>τῶν</em></span> <span class='ocrx_word' id='word_1_286' title='bbox 785 3354 973 3419; x_wconf 89' lang='grc' dir='ltr'><em>καλλίστων</em></span> <span class='ocrx_word' id='word_1_287' title='bbox 996 3368 1058 3420; x_wconf 88' lang='grc' dir='ltr'><em>τοῦ</em></span> <span class='ocrx_word' id='word_1_288' title='bbox 1080 3363 1252 3440; x_wconf 82' lang='grc' dir='ltr'><em>σώματος,</em></span> <span class='ocrx_word' id='word_1_289' title='bbox 1275 3364 1331 3424; x_wconf 83' lang='grc' dir='ltr'><em>καί</em></span> 
     </span>
     <span class='ocr_line' id='line_1_31' title="bbox 19 3460 1330 3547; baseline 0.001 -24"><span class='ocrx_word' id='word_1_290' title='bbox 19 3473 50 3524; x_wconf 80' lang='grc'><em>30</em></span> <span class='ocrx_word' id='word_1_291' title='bbox 73 3461 221 3538; x_wconf 79' lang='grc' dir='ltr'><em>πολλοὺς</em></span> <span class='ocrx_word' id='word_1_292' title='bbox 252 3460 328 3524; x_wconf 92' lang='grc' dir='ltr'><em>οίδα</em></span> <span class='ocrx_word' id='word_1_293' title='bbox 358 3468 424 3522; x_wconf 90' lang='grc' dir='ltr'><em>τῶν</em></span> <span class='ocrx_word' id='word_1_294' title='bbox 453 3461 739 3544; x_wconf 88' lang='grc' dir='ltr'><em>θεραπευομένων</em></span> <span class='ocrx_word' id='word_1_295' title='bbox 763 3461 1045 3541; x_wconf 90' lang='grc' dir='ltr'><em>ἀγανακτοῦντας,</em></span> <span class='ocrx_word' id='word_1_296' title='bbox 1076 3465 1156 3524; x_wconf 90' lang='grc' dir='ltr'><em>όταν</em></span> <span class='ocrx_word' id='word_1_297' title='bbox 1180 3466 1330 3547; x_wconf 90' lang='grc' dir='ltr'><em>άπτηται</em></span> 
     </span>
     <span class='ocr_line' id='line_1_32' title="bbox 73 3559 1330 3645; baseline 0.001 -19"><span class='ocrx_word' id='word_1_298' title='bbox 73 3573 135 3626; x_wconf 90' lang='grc' dir='ltr'><em>τοῦ</em></span> <span class='ocrx_word' id='word_1_299' title='bbox 163 3565 393 3638; x_wconf 88' lang='grc' dir='ltr'><em>πεπονθότος.</em></span> <span class='ocrx_word' id='word_1_300' title='bbox 441 3565 459 3624; x_wconf 92' lang='grc' dir='ltr'><em>ό</em></span> <span class='ocrx_word' id='word_1_301' title='bbox 483 3560 518 3623; x_wconf 81' lang='grc' dir='ltr'><em>δὲ</em></span> <span class='ocrx_word' id='word_1_302' title='bbox 542 3559 707 3635; x_wconf 88' lang='grc' dir='ltr'><em>πολλάκις</em></span> <span class='ocrx_word' id='word_1_303' title='bbox 729 3562 869 3641; x_wconf 81' lang='grc' dir='ltr'><em>ἀμύττει</em></span> <span class='ocrx_word' id='word_1_304' title='bbox 890 3570 990 3624; x_wconf 89' lang='grc' dir='ltr'><em>τοῦτο</em></span> <span class='ocrx_word' id='word_1_305' title='bbox 1012 3564 1069 3625; x_wconf 84' lang='grc' dir='ltr'><em>καί</em></span> <span class='ocrx_word' id='word_1_306' title='bbox 1090 3568 1203 3643; x_wconf 90' lang='grc' dir='ltr'><em>τέμνει</em></span> <span class='ocrx_word' id='word_1_307' title='bbox 1225 3567 1330 3645; x_wconf 89' lang='grc' dir='ltr'><em>βοῶν-</em></span> 
     </span>
    </p>
   </div>
   <div class='ocr_carea' id='block_1_4' title="bbox 72 3805 1331 4552">
    <p class='ocr_par' dir='ltr' id='par_1_4' title="bbox 72 3805 1331 4552">
     <span class='ocr_line' id='line_1_33' title="bbox 161 3805 1330 3887; baseline -0.001 -19"><span class='ocrx_word' id='word_1_308' title='bbox 161 3813 347 3887; x_wconf 80' lang='grc' dir='ltr'><em>ῙλέγεταιΜ</em></span> <span class='ocrx_word' id='word_1_309' title='bbox 433 3810 550 3865; x_wconf 79' lang='lat' dir='ltr'>2molim</span> <span class='ocrx_word' id='word_1_310' title='bbox 562 3805 699 3881; x_wconf 75' lang='grc' dir='ltr'><em>Ἀραδίων</em></span> <span class='ocrx_word' id='word_1_311' title='bbox 711 3807 828 3866; x_wconf 83' lang='grc' dir='ltr'><em>ἐκείνων</em></span> <span class='ocrx_word' id='word_1_312' title='bbox 903 3805 1330 3885; x_wconf 76' lang='grc' dir='ltr'><em>4δνιαίίψαιΜάλεῖψαιῘίΒΤ</em></span> 
     </span>
     <span class='ocr_line' id='line_1_34' title="bbox 74 3890 1330 3968; baseline -0.003 -12"><span class='ocrx_word' id='word_1_313' title='bbox 74 3917 144 3956; x_wconf 85' lang='lat' dir='ltr'>corr.</span> <span class='ocrx_word' id='word_1_314' title='bbox 158 3900 258 3956; x_wconf 83' lang='lat' dir='ltr'>Reiske</span> <span class='ocrx_word' id='word_1_315' title='bbox 304 3890 409 3954; x_wconf 66' lang='lat' dir='ltr'><strong>02³0ch</strong></span> <span class='ocrx_word' id='word_1_316' title='bbox 461 3894 689 3968; x_wconf 78' lang='grc' dir='ltr'><em>5σειρήνασΠΜ</em></span> <span class='ocrx_word' id='word_1_317' title='bbox 736 3893 919 3968; x_wconf 74' lang='grc' dir='ltr'><em>τῆστορίαΤ</em></span> <span class='ocrx_word' id='word_1_318' title='bbox 966 3898 1164 3968; x_wconf 78' lang='grc' dir='ltr'><em>Θπαραίνεσις</em></span> <span class='ocrx_word' id='word_1_319' title='bbox 1174 3903 1330 3967; x_wconf 84' lang='lat' dir='ltr'><strong>suspectum</strong></span> 
     </span>
     <span class='ocr_line' id='line_1_35' title="bbox 72 3971 1330 4055; baseline -0.002 -15"><span class='ocrx_word' id='word_1_320' title='bbox 72 3985 280 4040; x_wconf 83' lang='lat' dir='ltr'>Wilamowitzio</span> <span class='ocrx_word' id='word_1_321' title='bbox 330 3978 471 4054; x_wconf 85' lang='grc' dir='ltr'><em>κράτειΜ</em></span> <span class='ocrx_word' id='word_1_322' title='bbox 525 3986 556 4035; x_wconf 87' lang='grc'><em>10</em></span> <span class='ocrx_word' id='word_1_323' title='bbox 569 3975 640 4038; x_wconf 71' lang='grc' dir='ltr'><em>ἔνθα</em></span> <span class='ocrx_word' id='word_1_324' title='bbox 653 3975 684 4052; x_wconf 74' lang='grc' dir='ltr'><em>δὴ</em></span> <span class='ocrx_word' id='word_1_325' title='bbox 697 3980 767 4046; x_wconf 89' lang='lat' dir='ltr'>libri,</span> <span class='ocrx_word' id='word_1_326' title='bbox 781 3995 850 4036; x_wconf 86' lang='lat' dir='ltr'>corr.</span> <span class='ocrx_word' id='word_1_327' title='bbox 863 3979 963 4036; x_wconf 84' lang='lat' dir='ltr'>Reisko</span> <span class='ocrx_word' id='word_1_328' title='bbox 1018 3986 1045 4034; x_wconf 90' lang='grc'><em>11</em></span> <span class='ocrx_word' id='word_1_329' title='bbox 1061 3971 1160 4055; x_wconf 80' lang='grc' dir='ltr'><em>ἀίσπερ</em></span> <span class='ocrx_word' id='word_1_330' title='bbox 1173 3979 1245 4055; x_wconf 81' lang='grc' dir='ltr'><em>(γάρ</em></span> <span class='ocrx_word' id='word_1_331' title='bbox 1257 3979 1330 4055; x_wconf 85' lang='grc' dir='ltr'><em>πρό-</em></span> 
     </span>
     <span class='ocr_line' id='line_1_36' title="bbox 74 4057 1330 4142; baseline -0.006 -15"><span class='ocrx_word' id='word_1_332' title='bbox 74 4070 174 4142; x_wconf 79' lang='grc' dir='ltr'><em>τερον)</em></span> <span class='ocrx_word' id='word_1_333' title='bbox 190 4063 294 4140; x_wconf 80' lang='grc' dir='ltr'><em>Ἰωνική</em></span> <span class='ocrx_word' id='word_1_334' title='bbox 313 4071 364 4121; x_wconf 84' lang='lat' dir='ltr'>eto.</span> <span class='ocrx_word' id='word_1_335' title='bbox 437 4070 468 4120; x_wconf 85' lang='lat'><em>12</em></span> <span class='ocrx_word' id='word_1_336' title='bbox 487 4057 604 4122; x_wconf 75' lang='grc' dir='ltr'><em>οἱίτωΒ</em></span> <span class='ocrx_word' id='word_1_337' title='bbox 686 4071 716 4119; x_wconf 90' lang='grc'><em>14</em></span> <span class='ocrx_word' id='word_1_338' title='bbox 734 4069 793 4122; x_wconf 80' lang='grc' dir='ltr'><em>τῶν</em></span> <span class='ocrx_word' id='word_1_339' title='bbox 809 4080 859 4134; x_wconf 86' lang='lat' dir='ltr'><em>pro</em></span> <span class='ocrx_word' id='word_1_340' title='bbox 878 4061 974 4122; x_wconf 79' lang='grc' dir='ltr'><em>τὸνΜ</em></span> <span class='ocrx_word' id='word_1_341' title='bbox 1051 4081 1101 4133; x_wconf 84' lang='lat' dir='ltr'><em>pro</em></span> <span class='ocrx_word' id='word_1_342' title='bbox 1119 4061 1214 4139; x_wconf 71' lang='grc' dir='ltr'><em>ἕτεροι</em></span> <span class='ocrx_word' id='word_1_343' title='bbox 1232 4082 1330 4122; x_wconf 84' lang='lat' dir='ltr'>nomen</span> 
     </span>
     <span class='ocr_line' id='line_1_37' title="bbox 74 4142 1330 4223; baseline -0.002 -15"><span class='ocrx_word' id='word_1_344' title='bbox 74 4155 183 4223; x_wconf 81' lang='lat' dir='ltr'>aliquod</span> <span class='ocrx_word' id='word_1_345' title='bbox 200 4155 286 4223; x_wconf 82' lang='lat' dir='ltr'>gentis</span> <span class='ocrx_word' id='word_1_346' title='bbox 303 4153 344 4207; x_wconf 85' lang='lat' dir='ltr'><em>vel</em></span> <span class='ocrx_word' id='word_1_347' title='bbox 363 4152 437 4206; x_wconf 78' lang='lat' dir='ltr'>urbis</span> <span class='ocrx_word' id='word_1_348' title='bbox 457 4151 579 4206; x_wconf 81' lang='lat' dir='ltr'>desidero</span> <span class='ocrx_word' id='word_1_349' title='bbox 649 4142 668 4222; x_wconf 79' lang='grc' dir='ltr'><em>ἤ</em></span> <span class='ocrx_word' id='word_1_350' title='bbox 683 4151 707 4204; x_wconf 94' lang='grc' dir='ltr'>Β</span> <span class='ocrx_word' id='word_1_351' title='bbox 776 4146 859 4221; x_wconf 76' lang='grc' dir='ltr'><em>ἢκαὶ</em></span> <span class='ocrx_word' id='word_1_352' title='bbox 876 4151 920 4204; x_wconf 87' lang='lat' dir='ltr'><em>vix</em></span> <span class='ocrx_word' id='word_1_353' title='bbox 937 4164 1044 4218; x_wconf 80' lang='lat' dir='ltr'>sonum3</span> <span class='ocrx_word' id='word_1_354' title='bbox 1068 4151 1133 4206; x_wconf 86' lang='lat' dir='ltr'>fort.</span> <span class='ocrx_word' id='word_1_355' title='bbox 1152 4148 1170 4223; x_wconf 76' lang='grc' dir='ltr'><strong><em>ἦ</em></strong></span> <span class='ocrx_word' id='word_1_356' title='bbox 1188 4150 1330 4206; x_wconf 83' lang='lat' dir='ltr'>delendum</span> 
     </span>
     <span class='ocr_line' id='line_1_38' title="bbox 73 4234 1331 4308; baseline -0.001 -14"><span class='ocrx_word' id='word_1_357' title='bbox 73 4243 123 4306; x_wconf 82' lang='lat' dir='ltr'>ost,</span> <span class='ocrx_word' id='word_1_358' title='bbox 142 4254 306 4308; x_wconf 80' lang='lat' dir='ltr'><strong>quamquam</strong></span> <span class='ocrx_word' id='word_1_359' title='bbox 327 4251 361 4292; x_wconf 88' lang='lat' dir='ltr'><em>ne</em></span> <span class='ocrx_word' id='word_1_360' title='bbox 378 4240 436 4291; x_wconf 80' lang='lat' dir='ltr'><em>tum</em></span> <span class='ocrx_word' id='word_1_361' title='bbox 448 4235 555 4305; x_wconf 85' lang='lat' dir='ltr'>quidem</span> <span class='ocrx_word' id='word_1_362' title='bbox 568 4235 652 4291; x_wconf 81' lang='lat' dir='ltr'>totius</span> <span class='ocrx_word' id='word_1_363' title='bbox 671 4235 805 4290; x_wconf 80' lang='lat' dir='ltr'>enuntiati</span> <span class='ocrx_word' id='word_1_364' title='bbox 827 4234 1006 4290; x_wconf 81' lang='lat' dir='ltr'>conformatio</span> <span class='ocrx_word' id='word_1_365' title='bbox 1023 4235 1144 4304; x_wconf 78' lang='lat' dir='ltr'><strong>placeret</strong></span> <span class='ocrx_word' id='word_1_366' title='bbox 1216 4240 1247 4291; x_wconf 83' lang='lat'><em>16</em></span> <span class='ocrx_word' id='word_1_367' title='bbox 1265 4247 1331 4293; x_wconf 87' lang='grc' dir='ltr'><em>τοῖα</em></span> 
     </span>
     <span class='ocr_line' id='line_1_39' title="bbox 73 4315 1331 4394; baseline -0.001 -15"><span class='ocrx_word' id='word_1_368' title='bbox 73 4324 170 4380; x_wconf 87' lang='lat' dir='ltr'>om.M</span> <span class='ocrx_word' id='word_1_369' title='bbox 260 4326 290 4377; x_wconf 87' lang='grc'><em>18</em></span> <span class='ocrx_word' id='word_1_370' title='bbox 309 4321 495 4378; x_wconf 82' lang='lat' dir='ltr'>scribendum:</span> <span class='ocrx_word' id='word_1_371' title='bbox 515 4315 622 4393; x_wconf 86' lang='grc' dir='ltr'><em>ἀρχαῖα</em></span> <span class='ocrx_word' id='word_1_372' title='bbox 640 4316 732 4394; x_wconf 80' lang='grc' dir='ltr'><em>(γὰρ)</em></span> <span class='ocrx_word' id='word_1_373' title='bbox 750 4315 781 4390; x_wconf 77' lang='grc' dir='ltr'><em>δὴ</em></span> <span class='ocrx_word' id='word_1_374' title='bbox 860 4324 891 4374; x_wconf 83' lang='lat'><em>20</em></span> <span class='ocrx_word' id='word_1_375' title='bbox 909 4325 968 4394; x_wconf 84' lang='grc' dir='ltr'><em>βαρ</em></span> <span class='ocrx_word' id='word_1_376' title='bbox 986 4324 1076 4392; x_wconf 77' lang='grc' dir='ltr'><em>βινῶν</em></span> <span class='ocrx_word' id='word_1_377' title='bbox 1094 4321 1147 4375; x_wconf 90' lang='grc' dir='ltr'><em>ΒΜ</em></span> <span class='ocrx_word' id='word_1_378' title='bbox 1216 4326 1246 4377; x_wconf 80' lang='lat'><em>21</em></span> <span class='ocrx_word' id='word_1_379' title='bbox 1267 4341 1331 4394; x_wconf 89' lang='grc' dir='ltr'><em>στη·</em></span> 
     </span>
     <span class='ocr_line' id='line_1_40' title="bbox 74 4400 1263 4479; baseline -0.004 -12"><span class='ocrx_word' id='word_1_380' title='bbox 74 4406 193 4479; x_wconf 80' lang='grc' dir='ltr'><em>σάμεθα</em></span> <span class='ocrx_word' id='word_1_381' title='bbox 211 4409 292 4466; x_wconf 91' lang='lat' dir='ltr'><em>UBM</em></span> <span class='ocrx_word' id='word_1_382' title='bbox 379 4411 412 4462; x_wconf 79' lang='lat'><em>24</em></span> <span class='ocrx_word' id='word_1_383' title='bbox 430 4403 623 4474; x_wconf 82' lang='grc' dir='ltr'><em>ἀποδέξεσθαι</em></span> <span class='ocrx_word' id='word_1_384' title='bbox 639 4407 670 4461; x_wconf 88' lang='grc' dir='ltr'><strong>Μ</strong></span> <span class='ocrx_word' id='word_1_385' title='bbox 688 4400 869 4472; x_wconf 84' lang='grc' dir='ltr'><em>ἀποδέξασθε</em></span> <span class='ocrx_word' id='word_1_386' title='bbox 887 4406 910 4459; x_wconf 94' lang='grc' dir='ltr'>Β</span> <span class='ocrx_word' id='word_1_387' title='bbox 982 4409 1013 4459; x_wconf 82' lang='grc'><em>25</em></span> <span class='ocrx_word' id='word_1_388' title='bbox 1033 4405 1214 4473; x_wconf 83' lang='grc' dir='ltr'><em>διαλέξασθαι</em></span> <span class='ocrx_word' id='word_1_389' title='bbox 1232 4407 1263 4462; x_wconf 88' lang='grc' dir='ltr'><strong>Μ</strong></span> 
     </span>
     <span class='ocr_line' id='line_1_41' title="bbox 74 4488 338 4552; baseline -0.011 -3"><span class='ocrx_word' id='word_1_390' title='bbox 74 4488 338 4552; x_wconf 53' lang='lat' dir='ltr'><em>wmmffl</em></span> 
     </span>
    </p>
   </div>
   <div class='ocr_carea' id='block_1_5' title="bbox 0 0 1538 5160">
    <p class='ocr_par' dir='ltr' id='par_1_5' title="bbox 0 0 1538 5160">
     <span class='ocr_line' id='line_1_42' title="bbox 0 0 1538 5160; baseline 0 0"><span class='ocrx_word' id='word_1_391' title='bbox 0 0 1538 5160; x_wconf 95' lang='lat' dir='ltr'><em> </em></span> 
     </span>
    </p>
   </div>
  </div>
 </body>
</html>
