3068 5160
609 351 746 406 ORATIO
764 351 799 406 11.
1291 350 1331 408 33

71 528 127 588 καὶ
150 528 184 587 ol
207 527 286 588 θεολ
307 528 363 588 καὶ
386 529 404 588 ό
429 523 467 612 δῆ
498 530 602 607 μέγας
624 523 783 606 βασιλεύς
806 523 989 606 βασιλέων,
1017 529 1075 588 άτε
1097 522 1251 610 κηδεμὼν
1273 527 1330 587 καί

73 631 184 714 πατὴρ
207 630 319 703 κοινὸς
335 629 531 712 ἀνθρώπιον
546 629 603 688 καὶ
617 627 720 704 θεῶν,
745 620 852 710 [Ζεύς]
867 627 961 701 δςάν
980 628 1177 711 ἀνθρώπων
1192 631 1329 712 γένηται

71 731 185 811 βίαιος
207 732 263 792 καλ
285 727 402 804 ἀδικος
423 732 479 792 καί
501 731 700 813 παράνομος
723 730 843 812 ἄρχων,
866 730 925 813 τῆν
949 729 1043 808 ίσχύν
1071 729 1108 789 οὐ
1131 734 1204 804 τοῖς
1227 727 1328 792 πολε-

72 833 167 911 μίοις
189 829 447 911 ἐνδεικνύμενος,
471 829 555 892 ἀλλά
578 837 652 905 τοῖς
666 831 831 913 ὑπηκόοις
845 831 901 892 καί
915 835 989 904 τοῖς
1005 827 1129 914 φίλοις,
1154 829 1329 917 ἄπληστος

32 944 49 992 5
72 935 133 1012 μὲν
156 930 296 1018 ῆδονῶν,
320 931 496 1018 ἀπληστος
519 930 555 994 δὲ
575 933 766 1016 χρημάτων,
789 931 979 1015 ὑπονοῆσαι
1003 933 1113 1008 ταχύς,
1137 930 1329 1011 ἀμείλικτος

73 1035 260 1117 ὀργισθείς,
292 1031 369 1110 ὀξύς
392 1037 480 1118 πρὸς
503 1030 674 1114 διαβολάς,
704 1032 856 1118 ἀπειθῆς
880 1029 1001 1114 λόγοις,
1032 1040 1231 1117 πανοῦργος,
1255 1037 1329 1096 ἐπί-

71 1133 209 1214 βουλος,
238 1139 417 1212 ταπεινός,
447 1132 612 1219 αὐθάδης,
646 1136 725 1208 τούς
751 1136 871 1208 κακούς
901 1130 1026 1210 αύξων,
1060 1139 1133 1208 τοῖς
1160 1136 1329 1218 κρείττοσι

73 1238 226 1321 φθονῶν,
250 1233 411 1310 παιδείας
434 1238 603 1312 ἀσύνετος,
628 1232 729 1320 φίλον
753 1232 871 1296 οὐδένα
894 1230 1039 1315 νομίζων
1063 1226 1136 1296 οὐδ’
1162 1236 1255 1315 ἔχων,
1284 1239 1329 1312 ὡς

71 1335 210 1399 ἔλαττον
227 1335 331 1398 αὐτού
345 1330 407 1420 [τὸ]
427 1347 545 1423 κτῆμα,
568 1341 693 1399 ἐκεῖνον
709 1333 863 1398 ἐκποδὼν
881 1338 1069 1421 ἐποιήσατο
1092 1339 1148 1399 καί
1169 1343 1328 1423 μετέστη,

16 1449 48 1500 10
73 1457 138 1516 σεν,
163 1442 209 1513 ὡς
233 1440 290 1500 οὐκ
312 1435 407 1515 ἀξιον
431 1441 510 1501 ὄντα
532 1436 724 1520 βασιλεύειν
747 1434 823 1498 οὐδὲ
845 1442 1018 1499 κοινωνεῖν
1033 1447 1093 1524 τῆς
1109 1440 1215 1500 αὐτοῦ
1227 1449 1326 1526 τιμῆς
1337 1449 1377 1510 76

71 1543 127 1604 καί
155 1542 365 1620 ἐπωνυμίας,
394 1543 478 1619 μετά
506 1560 542 1601 τε
566 1541 724 1624 αἰσχύνης
750 1541 806 1600 καί
834 1535 1136 1623 προπηλακισμοῦ,
1164 1542 1325 1626 καθάπερ

73 1643 169 1722 οἶμαι
207 1638 358 1724 Φάλαρίν
392 1661 427 1702 τε
459 1643 515 1702 καί
540 1632 799 1725 Ἀπολλόδωρον
832 1642 888 1702 καί
921 1638 1070 1716 πολλούς
1104 1639 1226 1717 ἀλλους
1258 1650 1325 1704 τῶν

71 1744 207 1822 ὁμοίων.
253 1744 310 1804 τὸν
335 1739 372 1804 δέ
393 1760 429 1823 γε
452 1739 606 1826 ἀνδρεῖον
628 1745 684 1805 καί
708 1739 959 1827 φιλάνθρωπον
987 1745 1044 1806 καί
1066 1748 1140 1818 τοῖς
1162 1746 1375 1828 ύπηκόοιςΠ

69 1844 184 1906 εύνουν
211 1845 267 1906 καί
293 1851 442 1923 τιμῶντα
474 1847 535 1924 μέν
566 1848 625 1931 τῆν
648 1846 768 1930 άρετῆν
797 1845 853 1906 καί
883 1851 1140 1926 συναγωνιῶντα
1163 1846 1208 1928 μῆ
1235 1865 1327 1919 τινος

16 1955 46 2006 25
69 1952 136 2007 τῶν
160 1946 301 2026 ἀγαθῶν
325 1941 405 2028 δόξῃ
430 1943 649 2031 φαυλότερος,
672 1949 751 2020 τούς
775 1943 810 2007 δὲ
835 1943 972 2020 ἀδίκους
993 1950 1170 2025 μετανοεῖν
1186 1946 1327 2027 ἀναγκά-

69 2041 184 2123 ζοντα,
214 2051 287 2121 τοῖς
316 2043 351 2107 δὲ
376 2048 559 2110 ἀσθενέσιν
583 2051 764 2134 ἀρήγοντα,
795 2055 854 2133 τῆς
878 2048 998 2132 ἀρετῆς
1025 2048 1191 2129 ἀγάμενος
1220 2047 1266 2120 ὡς
1287 2049 1326 2108 τδ

69 2145 157 2208 πολύ
178 2150 240 2227 μὲν
264 2151 337 2230 ἄγει
361 2151 448 2233 πρδς
463 2158 575 2234 γῆρας,
598 2150 758 2234 καθάπερ
776 2151 940 2228 ἀκούομεν
956 2150 1067 2232 Κῦρόν
1090 2168 1126 2209 τε
1148 2148 1204 2208 καί
1221 2148 1326 2232 Δηιό-

68 2271 127 2333 κην
150 2252 208 2310 τδν
230 2248 353 2336 Μῆδον
376 2252 432 2312 καί
450 2242 669 2334 Ἰδάνθυρσον
691 2255 749 2313 τδν
763 2251 899 2334 Σκύθην
921 2252 977 2311 καί
990 2251 1156 2311 Λεύκωνα
1171 2250 1227 2310 καί
1243 2246 1325 2309 πολ·

70 2348 147 2426 λούς
175 2359 241 2412 τῶν
270 2355 480 2413 Λακωνικῶν
507 2349 675 2432 βασιλέων
702 2354 758 2414 καί
791 2359 857 2415 τῶν
891 2354 926 2413 έν
955 2350 1124 2433 Αἰγύπτῳ
1160 2354 1325 2436 πρότερόν

15 2463 45 2514 2ο
68 2469 177 2528 τινας·
201 2454 260 2515 ε’ἀν
283 2450 319 2514 δὲ
342 2456 380 2514 τδ
403 2463 463 2540 τῆς
481 2455 683 2538 εἱμαρμένης
706 2456 886 2536 ἀναγκαῖον
910 2454 1028 2536 ἐπείγῃ
1045 2454 1112 2536 πρδ
1128 2460 1191 2513 τοῦ
1203 2455 1323 2538 γῆριος,
1335 2461 1375 2522 78

69 2547 144 2615 ἀλλ’
172 2555 229 2616 οὖν
251 2557 382 2640 μνήμης
405 2575 440 2637 γε
463 2557 596 2641 ἀγαθῆς
618 2559 674 2618 καί
697 2557 791 2640 παρά
814 2561 918 2617 πᾶσιν
942 2555 1111 2639 εὐφημίας
1133 2555 1182 2628 είς
1197 2556 1255 2615 τδν
1272 2556 1324 2616 ἀεί

67 2660 186 2740 χρόνον
209 2653 342 2741 ῆξίωσε,
365 2659 535 2742 καθάπερ,
559 2658 654 2720 εἶπεν
678 2649 944 2740 δ’Λλέξανδρος,
973 2657 1030 2716 τδν
1053 2659 1214 2739 ῆμέτερον
1239 2658 1322 2736 πρύ-

10 2772 56 2820 ue)
70 2778 177 2840 γονον,
200 2761 258 2819 τδν
280 2759 489 2838 νομισθέντα
512 2767 574 2820 τού
595 2763 681 2834 Διὸς
705 2756 761 2820 διά
784 2761 843 2844 τῆν
867 2759 987 2843 ἀρετῆν
1005 2749 1178 2840 Ἡρακλέα.
1218 2763 1323 2816 ταῦτα
1336 2767 1375 2827 79

69 2859 104 2923 δὲ
122 2862 268 2934 ἀκούσας
284 2862 302 2921 ό
320 2857 508 2937 Φίλιππος,
530 2862 664 2945 ῆσθείς,
691 2859 739 2922 Οὐ
754 2863 872 2945 μάτην,
889 2858 994 2935 εἶπεν,
1014 2849 1221 2941 Ἀλέξανδρε,
1246 2860 1323 2940 περί

15 2971 45 3022 25
69 2959 200 3023 πολλοῦ
227 2963 424 3040 ποιούμεθα
447 2965 505 3024 τδν
525 2954 759 3047 Ἀριστοτέλη,
788 2964 844 3024 καί
871 2957 931 3046 τὴν
961 2957 1111 3042 πατρίδα
1136 2956 1225 3040 αὐτῷ
1250 2976 1324 3020 συν-

69 3065 283 3146 εχωρήσαμεν
299 3059 494 3140 ἀνακτίζειν,
510 3067 675 3148 Στάγειρα
694 3072 753 3148 τῆς
765 3055 945 3136 Ὀλυνθίας
969 3061 1081 3122 οὖσαν.
1129 3063 1147 3122 δ
1162 3062 1223 3145 γάρ
1241 3056 1323 3145 ἀνὴρ

69 3163 165 3241 ἄξιος
194 3161 330 3225 πολλῶν
358 3166 413 3226 καί
435 3162 587 3246 μεγάλων
612 3162 759 3248 δωρεῶν,
788 3166 818 3226 εί
841 3166 981 3224 τοιαύτά
1006 3180 1042 3225 σε
1068 3160 1220 3226 διδάσκει
1243 3165 1325 3246 περί

68 3288 104 3328 τε
121 3267 224 3350 ἀρχῆς
238 3268 294 3328 καί
308 3263 486 3347 βασιλείας
502 3265 569 3326 εἴτε
578 3259 725 3350 Ὅμηρον
740 3262 960 3350 ἐξηγούμενος
976 3264 1043 3326 εἴτε
1066 3262 1169 3326 ἀλλον
1184 3268 1321 3349 τρόπον.

136 3485 152 3534 2
169 3483 218 3536 καί
235 3485 314 3536 θεῶν
331 3497 383 3535 om.
402 3479 433 3534 P.
481 3476 552 3545 Ζεύς
568 3479 759 3548 interpolatum
777 3493 837 3531 esse
856 3477 974 3531 oseendit
991 3477 1068 3530 locus
1122 3481 1137 3530 6
1157 3473 1227 3543 όξδσ
1244 3472 1324 3550 πρὸσ

68 3561 209 3638 διαβολάσ
231 3565 310 3635 Emp.
336 3559 475 3637 ὀξύτεροι
498 3568 636 3636 διαβολῆο
653 3564 704 3618 UV
723 3556 862 3634 ὐξύτεροσ
888 3565 1040 3633 διαβολαῖσ
1063 3562 1085 3614 Β
1110 3553 1248 3633 ὀξύτεροσ
1264 3555 1322 3617 ὐπὸ

68 3650 275 3723 διαβυλῆσΡῩλί
346 3646 444 3707 Ἰτοὺσ
462 3650 552 3705 om.U
621 3644 690 3705 9τὸ
709 3649 760 3702 del.
779 3647 843 3701 Wil.
914 3650 946 3698 14
963 3645 1001 3716 μῆ
1022 3663 1104 3701 τινοσ
1120 3646 1221 3699 Reiske
1237 3638 1323 3716 μήτισ

68 3737 152 3790 PWV
169 3731 235 3806 μήτι
252 3736 302 3791 UB
382 3739 412 3791 18
430 3729 607 3808 Ἀγάθυρσον
623 3733 752 3802 plerique,
770 3727 806 3790 ἀν
823 3736 935 3804 θύρσον
952 3731 977 3785 V
995 3746 1065 3785 corr.
1084 3730 1157 3783 Geel.
1239 3733 1269 3784 21
1289 3749 1322 3802 γε

68 3821 176 3886 Reieke,
193 3840 225 3877 τε
242 3820 304 3874 libri
355 3824 388 3873 22
406 3812 527 3891 ἠξίωσεν
544 3833 636 3888 apogr.
654 3832 719 3882 ree,
736 3809 861 3888 ἠξίωσαν
871 3815 934 3870 libri
990 3818 1038 3871 καί
1049 3810 1184 3887 καθάπερ
1196 3814 1271 3870 UBV

69 3900 85 3962 δ
103 3899 283 3975 Ἀλέξανδρος
300 3904 352 3959 δελ.
364 3905 427 3960 Wil.
481 3908 513 3956 26
527 3894 673 3973 Στάγειρα
686 3906 739 3972 τῆσ
749 3893 896 3959 Όλυνθίασ
908 3891 999 3957 οὖσαν
1010 3901 1074 3954 secl.
1087 3899 1186 3952 Reiske
1203 3901 1231 3951 et
1242 3898 1321 3967 Emp.

66 3986 636 4063 ffifflwffijfflfflmffl

595 4262 797 4269 .—-.-..——-—
