3068 5160
228 307 267 366 58
685 305 809 360 1³10le
827 305 878 359 ΒΕ
896 304 1022 360 REGNO

229 481 352 545 διοίσει
374 479 502 566 ῥᾳδίως
526 483 632 555 ούτως
654 481 709 542 καί
731 481 958 563 ἀπραγμόνως
980 475 1054 556 ζῶν,
1076 481 1132 541 καί
1148 483 1293 563 προσέτι
1311 479 1372 558 ούχ
1387 477 1485 563 ἦττον

228 585 416 664 ύνομαστύς
445 584 575 659 ἔσοιτο,
605 584 702 660 τυχὸν
732 577 769 643 δέ
791 602 824 642 τι
846 583 902 643 καί
925 578 1221 666 ὠφεληθήσεσθαι
1243 575 1395 661 νομίζων
1419 581 1485 640 ἀπὸ

228 695 287 772 τῆς
311 685 490 759 συνουσίας
512 680 663 767 τάνδρός,
687 680 796 744 πάλαι
817 685 878 762 μέν
896 684 1065 763 ἐπεθύμει
1080 681 1286 744 θεάσασθαι
1302 684 1363 744 τδν
1380 678 1484 765 ἀνδρα

179 790 282 852 12καί
316 785 538 869 συγγενέσθαι
567 782 673 866 αύτῳ·
710 786 787 846 ἐπεί
816 782 851 846 δέ
880 785 955 870 ηκεν
985 786 1034 859 είς
1061 784 1236 864 Κόρινθον
1270 785 1330 846 καί
1359 786 1424 858 τάς
1451 804 1483 845 τε

229 889 412 974 πρεσβείας
439 883 628 963 ἀπεδέξατο
655 886 716 961 τάς
746 887 838 970 παρά
861 894 928 948 τῶν
947 878 1108 972 Ἑλλήνων
1143 888 1200 948 καί
1220 883 1329 948 τᾶλλα
1353 886 1398 948 τά
1421 893 1512 948 τῶνῡ

229 988 406 1070 ξυμμάχων
430 986 602 1074 διῴκησεν,
626 989 691 1074 έῳη
715 991 883 1073 τοῖςπερὶ
899 990 999 1050 αύτδν
1015 992 1067 1051 δτι
1084 985 1249 1068 σχολάσαι
1263 1009 1298 1050 τι
1313 985 1483 1070 βούλοιτο,

227 1094 282 1154 καί
305 1083 419 1174 ηίχετο,
444 1091 501 1151 ούκ
524 1092 583 1152 έπί
605 1091 716 1174 θύρας
738 1099 799 1152 τού
811 1093 1011 1172 Διογένους·
1035 1091 1073 1152 ού
1088 1091 1150 1175 γάρ
1166 1086 1251 1175 ἦσαν
1268 1088 1361 1172 αύτῷ
1378 1092 1483 1175 θύραι

229 1195 305 1256 ούτε
326 1188 460 1273 μείζους
484 1193 559 1253 ούτε
582 1189 750 1270 ἐλάττους,
776 1191 851 1255 οὐδὲ
876 1191 968 1266 οἶκος
991 1190 1079 1266 ἴδιος
1096 1189 1172 1254 ούδέ
1189 1193 1296 1269 έστία,
1320 1194 1480 1277 καθάπερ

180 1302 301 1370 13τοῑς
323 1297 512 1379 μακαρίοις,
539 1291 623 1355 ἀλλά
648 1293 754 1369 οἴκοις
775 1297 836 1374 μέν
859 1297 976 1380 ἐχρῆτο
999 1300 1074 1368 ταῖς
1098 1291 1229 1371 πόλεσι,
1252 1296 1310 1356 καὶ
1333 1295 1481 1357 ἐνταῦθα

230 1395 396 1481 διέτριβεν
418 1399 453 1458 ἐν
475 1401 548 1471 τοῖς
570 1401 697 1471 κοινοῖς
720 1418 755 1458 τε
777 1399 833 1458 καί
857 1399 971 1480 ἱεροῖς,
996 1390 1096 1480 [άπερ
1119 1393 1252 1480 ἵδρυται
1267 1402 1343 1472 τοῖς
1358 1391 1479 1480 θεοῖς],
1499 1407 1520 1457 1ο

229 1500 344 1560 ἑστίαν
368 1495 403 1560 δέ
426 1493 557 1577 ἐνόμιζε
579 1501 639 1583 τὴν
657 1506 716 1584 γῆν
733 1501 880 1575 άπασαν,
903 1500 990 1583 ἥπερ
1006 1500 1079 1561 ἐστὶ
1093 1501 1185 1584 κοινὴ
1203 1505 1269 1560 τῶν
1285 1499 1481 1583 ἀνθρώπων
1491 1508 1528 1558 (611

181 1602 326 1668 14έστία
355 1603 410 1662 καί
435 1603 572 1685 τροφός.
617 1601 673 1662 καί
695 1603 771 1661 τότε
794 1602 968 1681 ἐτύγχανεν
990 1602 1025 1662 ἐν
1048 1599 1095 1683 τῴ
1119 1601 1273 1684 Κρανείῳ
1299 1597 1480 1685 διατρίβων

229 1706 346 1782 μένος·
377 1694 454 1764 οὐδὲ
483 1703 545 1786 γάρ
574 1703 734 1786 μαθητάς
763 1723 857 1776 τινας
882 1693 958 1764 οὐδὲ
981 1710 1135 1764 τοιοῦτον
1159 1698 1256 1782 ύχλον
1280 1704 1362 1787 περὶ
1386 1705 1480 1765 αύτύν

230 1805 326 1886 εἶχεν,
351 1807 466 1889 ὥσπερ
491 1807 524 1866 οί
544 1805 707 1890 σοηισταί
721 1805 776 1866 καί
792 1801 933 1888 αὐληταί
947 1806 1002 1866 καί
1018 1807 1052 1866 οί
1068 1802 1267 1867 διδάσκαλοι
1282 1812 1352 1867 τῶν
1365 1812 1478 1888 χορῶν.

231 1904 428 1994 προσῆλθεν
458 1906 515 1969 οὖν
545 1904 633 1989 αύτῳ
660 1907 841 1991 καθημένῳ
865 1908 920 1968 καί
941 1909 1133 1992 ἠσπάσατο.
1178 1908 1234 1969 καί
1256 1906 1294 1982 ὃς
1319 1903 1479 1989 ἀνέβλεψε
1496 1915 1514 1963 1⁵

231 2011 317 2094 πρὸς
347 2010 448 2071 αὐτὸν
475 2012 610 2092 γοργόν,
642 2010 757 2092 ὥσπερ
788 2010 822 2069 οί
845 2004 989 2085 λέοντες,
1018 2009 1074 2070 καί
1096 2004 1266 2070 ἐκέλευσεν
1289 2009 1478 2094 ἀποστῆναι

182 2113 384 2194 15σμικρόν·
411 2112 566 2192 ἐτύγχανε
589 2111 650 2193 γάρ
674 2108 911 2190 ἀλεαινόμενος
934 2112 1021 2194 πρὸς
1043 2112 1100 2172 τὸν
1122 2107 1227 2194 ἥλιον.
1273 2112 1293 2172 δ
1317 2110 1376 2172 οὖν
1395 2101 1478 2173 ’Au-

231 2210 372 2295 Ιξανδρος
394 2213 497 2286 εὐθύς
520 2214 655 2297 ηγάσθη
679 2221 740 2274 τού
761 2210 882 2296 ἀνδρὸς
904 2214 942 2273 τδ
965 2214 1098 2296 θάρσος
1113 2213 1169 2274 καί
1183 2213 1242 2297 την
1257 2213 1411 2297 ἡσυχίαν,
1434 2213 1478 2273 δτι

231 2315 268 2374 ιιύ
296 2310 488 2398 κατεπλάγη
519 2315 722 2388 ἐπιστάντος
745 2313 845 2396 αύτῷ.
890 2317 946 2378 καί
968 2317 1029 2399 γάρ
1054 2333 1129 2388 πως
1151 2315 1347 2399 πεφύκασιν
1371 2314 1478 2393 οἱμὲν

234 2411 419 2499 θαρραλέοι
434 2417 512 2488 τούς
528 2411 741 2499 θαρραλέους
758 2413 880 2501 ῳιλεῖν,
898 2418 931 2477 οἱ
947 2414 982 2478 δὲ
1000 2413 1106 2478 δειλοί
1122 2416 1201 2490 τούς
1214 2416 1276 2494 μέν
1288 2416 1478 2500 ὑφορῶνται
1495 2421 1513 2471 ύ

231 2519 286 2579 καὶ
311 2525 471 2596 μισοῦσιν
501 2519 547 2591 ὡς
576 2518 737 2602 ἐχθρούς,
767 2521 846 2592 τούς
875 2515 910 2579 δέ
934 2519 1081 2599 ἀγεννεῖς
1104 2517 1306 2602 προσίενται
1327 2519 1385 2580 καί
1407 2518 1477 2600 άγα-

231 2624 353 2680 πῶσιν.
388 2619 471 2681 ὅθεν
486 2624 559 2694 τοῖς
573 2622 634 2700 μὲν
650 2617 797 2705 ἀλήθεια
818 2622 875 2682 καί
890 2622 1064 2704 παρρησία
1081 2621 1217 2681 πάντων
1233 2620 1326 2682 ἐστίν
1337 2617 1478 2704 ἥδιστον,

230 2725 303 2795 τοῖς
326 2717 361 2782 δέ
385 2718 541 2783 κολακεία
566 2725 621 2784 καί
643 2720 780 2805 ψεῦδος,
803 2724 859 2785 καί
874 2723 1053 2784 ἀκούουσιν
1068 2718 1176 2806 ηδέως
1192 2723 1302 2800 οἱμὲν
1317 2728 1386 2783 τῶν
1401 2721 1479 2805 πρὸς

182 2825 219 2889 16
228 2826 326 2907 χάριν
343 2820 560 2903 ὁμιλούντων,
585 2827 619 2886 οἱ
635 2822 670 2886 δὲ
687 2832 753 2886 τῶν
770 2828 857 2908 πρὸς
872 2821 1048 2909 ἀληθειαν.
1084 2825 1102 2884 δ
1118 2823 1176 2884 ούν
1190 2824 1358 2908 Διογένης
1374 2819 1478 2904 ἀλίγον

230 2925 380 3002 ἐπισχὼν
402 2927 501 3009 ἤρετο
525 2928 625 2988 αὐτὸν
648 2929 742 3000 ὅστις
765 2925 815 3011 εἴη
840 2929 895 2988 καί
910 2928 944 2988 τί
958 2924 1162 3007 βουλόμενος
1176 2927 1253 3011 ἥκοι
1268 2927 1358 3009 πρὸς
1374 2925 1477 3000 αὐτόν,
1494 2931 1513 2980 2

231 3029 266 3111 ἥ,
291 3028 372 3112 ἐῳη,
395 3034 462 3090 τῶν
484 3030 573 3107 ἐμῶν
596 3049 630 3089 τι
653 3024 862 3112 ληψόμενος,·
885 3008 930 3091 Ἦ
948 3033 1026 3114 γάρ,
1050 3031 1133 3114 ἔφη,
1153 3030 1309 3113 χρήματα
1333 3028 1409 3089 ἔστι
1432 3043 1480 3088 σοι

230 3130 286 3190 καί
307 3129 394 3207 ἔχεις
416 3131 494 3190 ὅτου
518 3130 558 3190 ἀν
573 3126 773 3214 μεταδοίηςῐ
795 3127 914 3192 Πολλά
930 3151 975 3214 γε,
999 3131 1086 3208 εἶπε,
1108 3131 1164 3192 καί
1180 3126 1311 3191 πολλοῦ
1325 3127 1417 3207 ἄξια,
1440 3127 1479 3190 ὧν

233 3232 272 3291 σύ
303 3231 361 3291 ούκ
390 3228 466 3292 οἶδα
496 3229 531 3292 εἴ
554 3250 638 3292 ποτε
662 3229 784 3317 δυνήσῃ
807 3231 1017 3314 μεταλαβεῖν.
1065 3233 1102 3294 ού
1124 3237 1242 3312 μέντοι
1260 3224 1389 3317 “ἀορας
1411 3227 1480 3293 οὐδὲ

233 3321 388 3416 λέβητας’
416 3329 492 3394 ούδέ
518 3343 686 3420 κρατῆρας
709 3332 785 3397 ούδέ
807 3333 922 3410 κλίνας
944 3337 999 3398 καί
1021 3329 1192 3419 τραπέζας
1209 3337 1360 3417 τυγχάνω
1375 3353 1480 3417 κεκτη·

182 3438 340 3514 17μένος,
365 3435 410 3508 ὥς
433 3439 522 3509 τινές
546 3453 633 3521 ῳασι
654 3438 841 3522 κεκτῆσθαι
856 3439 1003 3522 Δαρεῖον
1025 3439 1060 3499 ἐν
1075 3438 1238 3521 Πέρσαις.
1280 3437 1324 3497 Τί
1339 3432 1386 3512 δέ,
1410 3435 1516 3520 ἔφηίθ

295 3595 416 3601 -..-..-
427 3596 483 3601 .-..
495 3597 561 3602 -..-....
578 3598 583 3602 .
594 3598 725 3604 .,-.....,...-,
737 3599 783 3604 ......
796 3600 831 3604 .,..
846 3599 880 3604 -..
916 3593 1478 3603 ..-..-—.-———·——————-—-—’·

319 3708 328 3756 l
354 3699 464 3756 indicat.
483 3707 582 3762 διοίσει
605 3719 667 3759 cum
693 3709 749 3773 opt.
768 3701 865 3762 έοοιτο
891 3704 1052 3759 coniunctus
1074 3703 1186 3759 offendit
1211 3701 1276 3757 wil.
1378 3706 1393 3756 2
1418 3695 1477 3758 ι’νο-

230 3787 366 3855 ματοοβ
436 3786 516 3846 ῖέπί
533 3787 677 3860 θύραιοΡ
742 3786 843 3846 ὃούτε
862 3784 946 3847 οίκοο
963 3789 1012 3844 ΙίΒ
1073 3785 1146 3845 ίδιοο
1164 3784 1259 3845 οὐδείσ
1275 3783 1452 3858 καθάπερΡ

231 3869 304 3928 ἴδιοο
327 3866 391 3929 ούδε
414 3892 494 3929 εσται
516 3873 542 3929 V
563 3871 636 3931 ίδιοο
660 3867 725 3931 οὐδὲ
747 3873 839 3932 ἑστίαι
856 3876 914 3940 UB,
933 3890 1001 3930 corr.
1020 3874 1099 3943 Emp.
1199 3877 1214 3927 9
1232 3877 1322 3928 totum
1339 3873 1429 3928 locum
1446 3869 1480 3924 sic

230 3958 332 4011 scribo:
356 3955 448 4025 οίνιοις
464 3959 517 4028 μέν
533 3955 637 4033 ἐχρῆτο
657 3963 716 4016 ταῖν
733 3951 848 4016 πόλεων
866 3970 928 4026 τοῖς
944 3969 1054 4026 κοινοῖς
1071 3979 1103 4016 τε
1120 3962 1169 4015 καὶ
1186 3957 1277 4030 ἱεροῖς
1293 3959 1344 4013 καί
1361 3954 1480 4014 ἐνταῦθα

230 4041 378 4116 διέτριβεν,
397 4042 495 4100 ἑστίαν
512 4043 542 4101 δέ
559 4047 611 4098 etc.
708 4049 737 4098 10
753 4041 880 4114 ‘t'dpvth
898 4045 923 4099 V
940 4041 1084 4116 ίδρύονται
1102 4044 1184 4110 UBP,
1201 4058 1272 4098 corr.
1290 4041 1418 4098 Dindorf.

231 4119 306 4199 ἅπερ
325 4159 356 4167 -
375 4134 458 4194 θεοῖς
475 4128 573 4184 seclusi
628 4132 659 4183 12
676 4131 786 4204 κρανίῳ
797 4131 847 4186 UB
902 4134 932 4183 13
950 4133 1016 4200 περί
1034 4125 1124 4186 αὐτὸν
1143 4124 1233 4200 ὄχλον
1246 4128 1310 4194 (hoo
1322 4128 1393 4193 ord.)
1404 4127 1450 4184 UB

233 4217 262 4264 ¹7
281 4212 478 4287 ἐτύγχανενί
564 4219 595 4269 19
614 4209 702 4271 αὐτοῦ
719 4214 740 4267 Ρ
759 4230 776 4268 a
794 4231 863 4269 corr.
951 4217 983 4267 20
1001 4213 1142 4287 θαραλέοι
1159 4218 1188 4268 et
1204 4212 1394 4284 θαραλέονΡ
1468 4277 1471 4285 Ι

231 4304 308 4371 άηλοί
326 4301 351 4356 U
404 4305 436 4356 23
455 4297 490 4358 τὸ
509 4306 618 4374 ψεύδου
635 4300 709 4355 UBV
762 4303 793 4352 25
813 4297 905 4370 εἴρετο
924 4298 973 4354 UB
1026 4289 1109 4355 δστισ
1127 4294 1169 4370 εἴη
1186 4328 1219 4337 -
1237 4290 1329 4355 αὐτὸν
1346 4296 1439 4353 om.P

232 4388 264 4438 26
283 4381 450 4456 ληψόμενοο
467 4379 547 4458 η’κειο
564 4386 586 4440 Ρ
690 4390 720 4439 22
739 4381 889 4460 μεταύιβησ
906 4384 977 4448 libri,
995 4398 1064 4438 corr.
1084 4383 1166 4438 Dind.
1262 4377 1343 4440 εἶπεν
1360 4382 1387 4438 V

232 4473 264 4523 28
283 4467 374 4541 δόραο
391 4471 416 4525 V
434 4471 470 4524 cf.
490 4470 539 4524 011.
560 4475 599 4535 17,
619 4475 668 4525 222
737 4475 769 4525 29
787 4472 885 4536 κλίνας
903 4463 968 4527 οὐδὲ
985 4468 1132 4542 τραπέζασ
1150 4467 1175 4521 V
1243 4470 1277 4522 30
1295 4469 1324 4524 τί
1340 4471 1386 4523 δαί
1404 4466 1451 4522 UB
