3068 5160
709 318 845 374 ORATIO
863 319 897 375 V.
1388 321 1427 380 79

166 489 277 571 Mne,
295 489 449 579 χαλεπὴν
470 495 527 556 καί
548 495 681 578 ἀπορον
704 496 881 579 ποιεῖτὴν
905 492 1007 572 ἴασιν,
1030 497 1088 558 τόν
1112 495 1212 557 αύτδν
1236 494 1333 577 οἶμαι
1353 500 1428 581 τρό-
1518 486 1522 491 ’

165 612 239 657 πον
266 594 391 679 ἀνάγκη
421 596 602 677 γίγνεσθαι
628 597 685 658 καί
713 602 779 657 τῶν
802 603 861 680 τῆς
882 604 994 682 ψυχῆς
1018 603 1292 679 συμμιγνυμένων
1315 601 1430 662 τεκαὶ

168 692 457 776 συμπλεκομένων
480 699 530 773 είς
552 699 590 760 τδ
615 697 695 758 αύτδ
719 698 857 760 παθῶν.

256 795 343 860 ἀλλά
371 794 409 885 δη
433 796 681 880 μεταλαβόντες
701 799 860 884 καθαράν
882 820 918 862 τε
939 801 995 862 καί
1016 802 1156 885 κρείττω
1179 810 1239 888 τῆς
1262 805 1429 888 πρότερον
1456 800 1518 865 139

121 912 142 967 5
167 900 337 984 ἁρμονίας
358 903 417 964 τδν
440 901 651 981 ἀγαθὸνκαὶ
675 903 836 986 σώφρονα
854 903 1009 982 ὑμνῶμεν
1026 900 1170 982 δαίμονα
1185 906 1242 966 καὶ
1257 905 1352 982 θεόν,
1377 905 1430 979 οίς

166 1020 258 1065 ποτε
283 1003 412 1065 ἐκείνου
440 1008 550 1082 τυχεῖν
579 1000 775 1065 ἐπέκλωσαν
805 1004 936 1085 ἀγαθαὶ
961 1005 1097 1088 Μοῖραι
1125 1003 1287 1080 παιδείας
1316 1007 1431 1087 ύγιοῦς

164 1105 225 1167 καί
240 1100 341 1185 λόγου
356 1101 588 1186 μεταλαβοῦσι
603 1101 670 1189 [καί
686 1103 724 1191 δη
742 1109 968 1189 πεπρωμένον
984 1105 1100 1180 αύταῖς
1114 1107 1150 1167 ἐκ
1164 1107 1258 1169 θεῶν
1274 1102 1428 1190 ἐγένετυ].

489 1680 542 1766 (5)
568 1679 862 1761 ΛΙΒΥΚΟΣ
888 1678 1117 1761 ΜΥΘΟΣ.

255 1930 398 2021 [Μῦθον
419 1940 573 2020 Λιβυκόν
602 1942 757 2003 ἐκπονεῖν
784 1943 841 2003 καί
869 1942 949 2025 περί
976 1941 1017 2002 τά
1046 1946 1188 2002 τοιαῦτα
1213 1936 1427 2020 κατατρίβειν
1452 1945 1466 2003 1

167 2042 230 2127 τὴν
252 2041 335 2125 περὶ
357 2036 476 2120 λόγους
499 2038 707 2126 φιλοπονίαν
731 2043 789 2104 ούκ
811 2042 943 2120 εύτυχές
957 2045 1028 2122 μέν,
1053 2042 1091 2102 ού
1106 2041 1169 2125 γάρ
1186 2040 1243 2101 σύν
1258 2045 1326 2100 τῶν
1341 2038 1430 2121 πρός

116 2152 143 2205 1⁰
166 2138 268 2229 ζῆλον
290 2145 365 2216 τοῖς
386 2142 656 2219 ἐπιεικεστάτοις
679 2145 875 2228 ἀνθρώπων
898 2144 1144 2220 ἀπονευόντων,
1168 2133 1244 2203 ἀλλ’
1263 2143 1355 2220 ὅμως
1372 2139 1430 2200 ούκ

166 2246 335 2330 ἀφεκτέον
363 2240 526 2329 ὀλιγωρίᾳ
554 2254 613 2331 τῆς
640 2248 720 2330 περὶ
747 2247 789 2307 τά
818 2253 959 2332 τοιαῦτα
988 2238 1214 2325 ἀδολεσχίας]
1260 2245 1344 2321 τάχα
1366 2242 1429 2326 γάρ

165 2348 209 2409 ἀν
239 2365 326 2409 ποτε
354 2348 411 2409 καί
431 2351 512 2431 ημῖν
531 2350 648 2432 χρείαν
672 2349 710 2410 ού
735 2345 866 2435 φαύλην
889 2349 1062 2432 παράσχοι
1085 2344 1245 2427 ἑλκόμενά
1269 2364 1317 2430 πη
1341 2346 1430 2429 πρός

164 2450 206 2510 τδ
232 2445 309 2511 δέον
330 2449 387 2511 καί
409 2447 695 2534 παραβαλλόμενα
718 2456 792 2526 τοῖς
816 2450 893 2512 οὖσι
914 2452 971 2513 καλ
986 2447 1163 2534 ἀληθέσιν.
1196 2454 1216 2535 η
1234 2445 1270 2510 δέ
1286 2449 1426 2531 τοιαύτη
1445 2451 1465 2512 2

167 2547 313 2632 δύναμις
334 2551 391 2613 καί
412 2553 624 2637 ἐπιχείρησις
647 2555 748 2632 ύμοία
770 2574 832 2633 μοι
851 2550 948 2614 δοκεῖ
957 2561 999 2637 τῇ
1013 2559 1081 2614 τῶν
1095 2558 1249 2636 γεωργῶν
1265 2551 1428 2633 ἐμπειρίᾳ

116 2658 141 2711 ῶ
166 2654 251 2737 περί
278 2653 320 2714 τά
351 2656 455 2738 φυτά,
486 2656 610 2739 ἐάνπερ
642 2657 763 2730 ἱκανῶς
792 2656 961 2739 γίγνηται·
992 2656 1115 2716 ἐκεῖνοι
1139 2653 1201 2737 γάρ
1224 2654 1333 2715 ένίοτε
1354 2656 1429 2724 τοῖς

166 2755 340 2839 ἀκάρποις
368 2757 425 2818 καί
452 2757 584 2840 ἀγρίοις
613 2757 770 2830 ἐνθέντες
798 2758 854 2818 καί
882 2758 1152 2841 ἐμφυτεύσαντες
1178 2755 1220 2815 τά
1242 2756 1350 2838 ἥμερα
1371 2754 1429 2813 καί

165 2860 376 2942 καρποφόρα
396 2860 562 2943 χρήσιμον
586 2851 660 2921 ἀντ>
686 2860 853 2943 ἀχρήστου
875 2860 932 2920 καὶ
951 2855 1124 2943 ὠφέλιμον
1141 2858 1215 2918 ἀντὶ
1230 2851 1428 2940 ἀνωφελοῦς

166 2956 356 3036 ἀπέδειξαν
377 2961 421 3020 τδ
434 2963 549 3045 φυτόν.
589 2963 675 3022 ούτω
693 2959 731 3046 δὴ
748 2962 892 3035 καὶτοῖς
908 2958 1100 3046 ἀνωφελέσι
1115 2960 1313 3039 μυθεύμασι
1329 2955 1427 3038 λόγος
1444 2958 1463 3020 3

166 3058 356 3146 ἐμβληθεὶς
375 3063 541 3146 χρήσιμος
562 3064 619 3125 καὶ
642 3067 823 3147 συμφέρων
847 3060 923 3124 ούδέ
947 3065 1056 3125 ἐκεῖνα
1080 3061 1193 3125 εἴασεν
1215 3059 1303 3123 εἶναι
1318 3062 1427 3143 μάτην

116 3170 141 3222 lo
168 3161 342 3247 λεγόμενα.
381 3166 478 3243 τυχδν
503 3163 538 3227 δέ
560 3167 616 3227 καὶ
639 3167 673 3226 οἱ
695 3172 828 3248 πρῶτοι
852 3166 1067 3239 συντιθέντες
1091 3165 1174 3226 αύτά
1198 3165 1286 3248 πρός
1308 3183 1343 3224 τι
1357 3181 1427 3222 τοι·

118 3278 157 3330 1)
171 3274 274 3329 οῦτον
304 3266 509 3344 συνέθεσαν,
539 3269 767 3348 αἰνιττόμενοι
787 3268 843 3328 καί
864 3271 1113 3351 μεταφέροντες
1134 3270 1208 3340 τοῖς
1231 3263 1429 3344 δυναμένοις

168 3368 289 3454 ὀρθῶς
317 3365 580 3450 ὑπολαμβάνειν.
625 3367 702 3431 τόδε
729 3366 851 3454 μὲνδὴ
877 3369 1077 3451 προοίμιον,
1108 3369 1154 3441 ὡς
1176 3369 1241 3454 ἐφη
1265 3389 1337 3444 τις,
1369 3371 1431 3426 τοῦ
1444 3369 1464 3427 4

259 3555 273 3606 1
292 3571 374 3610 ποια
393 3552 419 3609 U
436 3557 468 3619 (υ.
487 3557 552 3621 ras.)
631 3557 646 3607 2
664 3547 774 3624 ἀνάγκη
791 3552 940 3623 γίγνεσθαι
958 3552 1022 3616 post
1039 3553 1146 3605 παθῶν
1163 3551 1318 3619 transponit
1334 3551 1359 3604 Y

169 3631 263 3696 αὐτὸν
279 3632 313 3708 δὴ
330 3633 444 3712 τρόπον
462 3634 541 3707 οἶμαι
557 3642 607 3696 καὶ
624 3635 670 3694 ἐπὶ
688 3641 747 3694 τῶν
764 3636 788 3690 Y
857 3640 872 3689 3
892 3627 963 3692 αὐτὸ
982 3639 1089 3692 παθεῖν
1105 3636 1154 3691 UB
1215 3641 1232 3690 4
1248 3632 1427 3709 μεταβαλλό-

168 3741 255 3791 μενοι
272 3722 348 3778 UBV
366 3729 395 3778 at
415 3723 495 3778 lectio
513 3723 535 3777 P
558 3722 733 3778 confirmatur
754 3721 822 3776 locis
839 3719 986 3774 Platonicis
1009 3720 1083 3775 velut
1105 3720 1217 3781 Theaet.
1235 3739 1262 3792 p.
1283 3720 1359 3774 md

171 3811 187 3860 ὃ
206 3801 240 3863 οἵ
253 3824 329 3864 ποτε
345 3807 395 3864 UB
448 3812 463 3862 6
481 3803 580 3884 ἀγαθῇ
595 3809 685 3882 μοίρᾳ
702 3807 752 3864 UB
805 3811 819 3858 7
838 3806 928 3861 locum
945 3804 978 3859 de
990 3805 1057 3860 Jove
1075 3808 1120 3874 (cf.
1134 3825 1161 3877 p.
1175 3812 1218 3875 42)
1236 3807 1312 3878 sequi
1329 3804 1426 3861 debere

170 3890 239 3947 vidit
249 3890 316 3947 wil.
368 3892 580 3968 καί-ἐγένετο
600 3893 710 3950 seclusit
726 3893 807 3962 Emp.
825 3897 856 3946 ut
874 3906 907 3946 ex
925 3890 1030 3960 Synesii
1046 3892 1134 3950 Dione
1152 3893 1321 3963 interpolata
1358 3891 1426 3944 Sub·

172 3975 287 4046 scriptio
306 3976 365 4032 cod.
377 3977 416 4034 Y:
435 3981 570 4054 Διογένης
587 3978 605 4054 ἢ
616 3985 683 4054 περὶ
694 3982 843 4054 βασιλείας
855 3985 879 4037 Δ
891 3976 1010 4046 διάλεξις
1028 3980 1172 4053 διαγένους
1188 3982 1236 4036 καί
1248 3972 1428 4047 Ἀλεξάνδρου

173 4063 240 4135 περί
257 4063 313 4118 τοῦ
328 4071 417 4120 ποῖον
433 4061 506 4124 εἶναι
523 4071 566 4124 δεῖ
581 4063 635 4125 τὸν
651 4067 771 4141 βασιλέα
825 4071 839 4120 8
859 4069 966 4123 Μῦθον
978 4096 1009 4104 -
1024 4063 1197 4138 άδολεσχίασ
1214 4081 1266 4119 om.
1279 4061 1360 4126 VPY,
1377 4076 1427 4128 1)Γο

172 4145 275 4216 spuriis
292 4145 375 4214 igitur
391 4149 517 4206 habenda
534 4157 597 4207 sunt
666 4145 734 4210 9ού
751 4148 808 4226 γάρ
827 4147 861 4210 ού
878 4158 938 4208 τῶν
954 4151 1026 4216 libri,
1045 4167 1113 4207 corr.
1132 4150 1271 4220 Wyttenb.
1326 4154 1357 4203 12
1376 4164 1427 4203 ποι

172 4246 222 4299 pro
240 4231 325 4303 πηῩ
390 4238 422 4287 14
438 4254 489 4302 μοι
506 4250 558 4292 om.
576 4237 624 4292 ΠΒ
679 4240 710 4290 16
728 4230 874 4310 άκάρποισ
891 4241 939 4294 καί
957 4230 1155 4311 άνημέροισΥ
1208 4243 1237 4291 17
1257 4231 1320 4296 ἀντὶ
1332 4234 1381 4291 UB

173 4309 348 4388 ὄφέλιμονΡ
400 4311 524 4376 άντέῑίΒ
586 4326 617 4376 18
631 4311 760 4378 οδτωσδί
830 4328 860 4377 19
878 4318 950 4380 εἶναι
968 4338 1021 4377 om.
1039 4324 1114 4379 UBV
1169 4318 1245 4382 οὕτω
1263 4319 1378 4381 εἶναιῩ

171 4401 267 4476 μάτην
283 4404 438 4476 λελεγμένα
456 4406 531 4463 UBV
605 4411 636 4461 20
657 4402 758 4464 αάτυῖσ
775 4408 801 4462 U
869 4412 899 4462 21
920 4417 986 4465 τυῖσ
1007 4408 1200 4481 βαυλομὲναισ
1218 4403 1321 4478 ὀρθῶσ
1336 4409 1362 4462 Y

173 4492 207 4543 22
226 4479 279 4547 οὖν
295 4503 347 4558 pro
364 4484 396 4561 δὴ
413 4489 439 4542 Y
543 4486 583 4557 ὡς
600 4497 652 4547 etc.
671 4507 749 4559 quem
767 4497 880 4560 spectet,
898 4493 992 4561 ignoro
