3068 5160
220 366 283 426 290
598 363 721 420 DIONIS
739 361 789 419 AD
806 359 1096 417 Annxnnbmnos

223 544 461 624 συγγενομένην
481 537 631 619 χαλεπόν
654 559 688 600 τι
708 539 766 600 καὶ
788 541 873 618 μέγα
894 540 1002 598 τεκεῖν
1016 539 1124 620 τέρας.
1163 530 1307 595 δέδοικα
1332 527 1376 616 δη
1401 531 1489 612 κάγὼ

222 643 281 703 τόν
312 643 456 703 ἱππικόν
484 648 603 702 τοῦτον
626 641 735 724 ἔρωτα
757 647 817 723 τῆς
840 635 989 714 πόλεως,
1017 639 1062 722 μῆ
1085 657 1120 699 τι
1142 632 1307 719 δυσχερὲς
1329 634 1417 713 ὑμῖν
1439 634 1490 694 καλ

174 740 319 820 τοξικόν
335 745 446 826 ένέγκη
463 740 510 824 τῷ
523 746 643 827 χρόνῳ.
682 735 798 824 [πάλιν
814 737 850 802 δὲ
873 744 990 824 ἑτέραν
1006 739 1182 823 παρθένον
1205 742 1380 816 ποταμοῦ
1402 753 1490 808 τινος

224 845 434 930 ἐρασθεῖσαν
457 846 623 929 ὁσημέραι
647 849 770 929 φοιτᾶν
793 843 852 904 έπλ
874 844 912 904 τό
936 845 1052 927 ῥεῦμα,
1074 841 1131 902 καί
1152 841 1211 902 τόν
1233 859 1273 902 τε
1298 838 1423 922 ἀφρόν
1445 839 1488 898 έν·

225 946 395 1009 τίθεσθαι
423 951 500 1022 ταῖς
525 943 687 1028 ἀγκάλαις
708 944 765 1006 καί
786 945 824 1005 τό
847 940 937 1028 ὕδωρ
960 940 1195 1022 ὑποδέχεσθαι
1216 945 1296 1016 τοῖς
1318 934 1513 1020 κόλποις.]5

221 1040 389 1133 Ἀθήνησι
419 1045 455 1110 δὲ
485 1049 566 1110 αὐτὸ
596 1055 696 1110 τοῦτο
726 1048 764 1108 τό
795 1041 880 1128 ζῷον
903 1045 1128 1131 ἀγαπηθῆναι
1149 1045 1187 1106 τό
1209 1043 1269 1106 καλ
1293 1033 1391 1127 παρ’
1417 1043 1488 1122 ὑμῖν

223 1147 435 1231 εὐδοκιμοῦν·
464 1152 520 1212 καὶ
549 1158 606 1213 νῦν
634 1151 727 1212 ἐστιν
756 1150 791 1210 έν
821 1155 862 1232 τῆ
891 1143 992 1208 πόλει
1020 1149 1128 1221 τόπος
1157 1147 1245 1207 οὕτω
1275 1141 1489 1224 καλούμενος

214 1244 341 1312 Ἵππου
369 1252 427 1313 καὶ
452 1255 554 1336 κόρης
582 1253 719 1333 ἄβατον.
765 1251 784 1310 ό
811 1251 873 1333 γάρ
906 1251 1017 1334 πατῆρ
1042 1244 1264 1332 συγκαθεῖρξε
1289 1248 1357 1332 την
1384 1242 1489 1309 παῖδα

223 1351 271 1434 τῷ
295 1354 411 1433 ίππφ,
437 1355 496 1414 καί
518 1370 624 1438 φασιν
648 1354 735 1414 οὕτω
760 1348 999 1436 διαφθαρῆναι
1020 1352 1080 1436 τῆν
1101 1352 1212 1434 κόρην.
1260 1353 1435 1411 σκοπεῖτε
1457 1345 1530 1410 diet

174 1459 214 1521 79
223 1456 267 1538 μὴ
292 1454 348 1515 καὶ
369 1455 465 1532 ὑμεῖς
487 1455 555 1515 ὑπό
578 1463 637 1540 τῆς
659 1455 819 1537 τοιαύτης
841 1453 1032 1532 ἐπιθυμίας
1055 1449 1246 1537 ἀπόλησθε.
1266 1470 1287 1509 ιιι
1306 1469 1326 1508 e
1506 1460 1523 1510 It

309 1558 411 1628 ποῖος
439 1555 500 1638 γάρ
515 1545 663 1639 Ὅμηρος
685 1556 704 1640 ῆ
728 1557 781 1629 τίς
803 1554 999 1638 ἀνθρώπων
1024 1551 1163 1616 δύναται
1185 1553 1227 1614 τά
1251 1553 1489 1633 συμβαίνοντα

224 1656 334 1717 εἰπεῖν
341 1678 353 1731 ;
377 1656 414 1716 οό
437 1655 499 1739 γάρ
524 1657 631 1730 οὕτως
653 1658 779 1730 ἐκεῖνός
803 1650 889 1741 φησι
911 1657 952 1717 τά
976 1657 1110 1740 ἅρματα
1131 1655 1280 1716 ταπεινά
1304 1656 1489 1737 γίγνεσθαι

222 1753 347 1838 μεταξδ
381 1759 437 1819 καὶ
468 1753 601 1842 σφόδρα
631 1755 746 1843 ὑψηλά
774 1758 859 1819 κατά
889 1760 948 1820 τόν
978 1755 1119 1842 δρόμον,
1153 1758 1199 1830 ὡς
1228 1757 1294 1832 τάς
1324 1759 1489 1842 ὑμετέρας

223 1861 335 1942 ψυχάς
364 1856 449 1921 ἰδεῖν
472 1860 546 1922 ἔστι
576 1862 783 1938 πασχούσας.
830 1862 916 1945 φησὶ
938 1851 971 1920 δ’
998 1861 1114 1937 οὕτως,
1139 1850 1184 1920 ἶν’
1208 1861 1291 1938 ὑμῖν
1314 1861 1380 1923 καὶ
1399 1861 1487 1944 χαρί-

225 1963 339 2041 σωμαί
359 1983 394 2023 τι
415 1963 551 2046 μικρόν·
1504 1969 1520 2019 b

353 2065 486 2146 άρματα
510 2053 543 2124 δ’
568 2060 689 2126 ἄλλοτε
710 2065 771 2144 μὲν
790 2063 895 2143 χθονὶ
916 2058 1061 2124 πίλνατο
1084 2057 1350 2149 πουλυβοτείρῃ,

352 2161 472 2226 άλλοτε
496 2153 527 2225 δ’
554 2162 692 2241 ἀΐξασκε
714 2168 872 2250 μετήορα,
895 2165 949 2225 τοὶ
972 2155 1006 2224 δ’
1031 2160 1190 2248 ἐλατῆρες

352 2269 498 2328 έστασαν
521 2267 556 2327 έν
579 2263 745 2351 δίφροισι,
769 2269 925 2327 πάτασσε
949 2262 984 2327 δὲ
1008 2266 1121 2346 θυμός
1143 2267 1287 2326 ἑκάστου

351 2369 443 2450 νίκης
468 2369 618 2446 ἱεμένων,
641 2365 796 2429 κέκλοντο
821 2364 856 2428 δὲ
881 2366 970 2428 οἷσιν
993 2369 1134 2441 ἕκαστος

354 2469 487 2542 ἵπποις.
1501 2477 1520 2528 n

175 2569 214 2632 80
225 2570 375 2632 ἐνταῦθα
404 2571 483 2643 τούς
510 2571 572 2649 μέν
594 2572 747 2652 ῆνιόχους
776 2570 962 2653 πεποίηκεν
985 2571 1174 2651 ἀγωνιστάς
1201 2570 1258 2631 καὶ
1283 2567 1486 2656 φιλοτιμου-

224 2678 354 2753 μένους,
370 2674 450 2746 τοδς
465 2670 501 2733 δὲ
517 2671 648 2745 θεατάς
662 2662 747 2732 καθ’
764 2672 904 2753 ῆσυχίαν
919 2672 1146 2754 θεωροῦντας,
1170 2673 1289 2757 ὥσπερ
1305 2674 1367 2736 καὶ
1382 2689 1486 2757 προσ-

226 2784 291 2860 ῆκε.
342 2777 446 2854 μόνον
485 2765 519 2835 δ’
556 2775 616 2835 ἐπὶ
649 2771 699 2853 τῷ
726 2769 816 2835 τέλει
846 2775 950 2858 φησὶν
976 2772 1113 2835 Αἴαντα
1146 2774 1204 2834 τδν
1231 2775 1374 2860 Λοκρόν
1402 2775 1483 2858 όράν

226 2878 481 2960 ἀπρεπέστερον
509 2877 566 2938 καλ
599 2871 837 2958 λοιδορεῖσθαι
866 2867 1030 2955 Ἰδομενεῖ
1057 2875 1137 2958 περὶ
1169 2881 1236 2936 τῶν
1266 2876 1391 2940 ἵππων
1418 2882 1485 2938 τῶν

226 2973 389 3060 Εόμῆλου.
436 2975 534 3051 οὗτος
555 2980 673 3056 μέντοι
695 2976 786 3038 ἐστὶν
806 2978 825 3037 ό
847 2978 927 3061 περί
948 2979 1008 3062 τῆν
1026 2967 1174 3061 Ἀθηνᾶν
1191 2976 1298 3052 αὖθις
1315 2973 1487 3064 ἀσεβήσας
1504 2988 1523 3039 ό

226 3073 448 3161 ἁλισκομένης
470 3086 529 3163 τῆς
554 3078 689 3162 Τροίας,
712 3079 768 3140 καί
791 3079 891 3153 αάτός
913 3100 950 3140 τε
973 3075 1030 3141 διά
1053 3087 1152 3140 τοῦτο
1174 3081 1414 3163 κεραυνωθεὶς
1434 3082 1486 3143 καλ

226 3187 287 3241 τοῦ
311 3185 477 3258 χειμῶνος
505 3181 561 3243 καὶ
590 3188 649 3265 τῆς
678 3182 838 3262 ναυαγίας
867 3186 940 3255 τοῖς
969 3187 1073 3243 πᾶσιν
1097 3179 1207 3255 αἴτιος
1228 3183 1426 3262 γενόμενος.
1469 3183 1486 3244 δ

225 3281 287 3365 γάρ
319 3283 353 3342 έν
375 3283 546 3356 τοιούτοις
567 3282 701 3366 θρασὺς
723 3284 779 3344 καὶ
801 3284 976 3368 προπετῆς
999 3279 1075 3344 οὐδὲ
1099 3279 1204 3344 τάλλα
1227 3281 1319 3346 εἶναι
1343 3281 1485 3348 δόναται

175 3383 213 3446 81
229 3385 392 3469 σώφρων,
424 3385 539 3468 ὥσπερ
568 3385 625 3446 καὶ
653 3383 752 3446 εἶπον
780 3380 853 3468 ῆδη.
897 3392 996 3446 τοῦτο
1024 3386 1086 3465 μέν
1112 3384 1170 3447 οὖν
1192 3391 1350 3448 τοιοῦτον
1377 3389 1486 3472 παρά-

314 3671 389 3723 idei
403 3682 497 3734 pro
472 3663 502 3737 δὴ
521 3667 551 3720 Μ
568 3666 598 3723 δὲ
616 3666 700 3729 ΠΒΤ,
719 3682 788 3722 corr
807 3666 887 3734 Emp
975 3668 1115 3722 2τοῦτον
1132 3680 1184 3721 cm.
1202 3665 1276 3722 UBT
1364 3667 1487 3730 3πάλιν

226 3751 305 3808 ct-
324 3761 386 3817 τοῖς
401 3747 522 3816 κόλποις
539 3765 556 3805 a
574 3752 662 3807 Dione
680 3751 770 3806 aliena
786 3756 863 3818 sunt3
887 3754 1016 3817 suspecta
1039 3751 1120 3804 etiam
1138 3750 1252 3805 Seldeno
1270 3753 1300 3806 et
1319 3753 1420 3813 coelio

227 3841 242 3889 b
260 3837 365 3891 1n1t1um
384 3837 516 3892 enuntiati
534 3836 644 3890 excidit:
668 3833 771 3907 (ἑτέρα
789 3835 819 3892 δὲ
836 3833 1000 3905 παρθένος)
1018 3827 1163 3906 Ἀθήνησιν
1188 3828 1258 3892 αυτὸ
1282 3839 1312 3892 et
1334 3854 1404 3896 mcx
1421 3837 1486 3915 η’γά·

226 3940 299 3992 πησε
369 3915 583 3989 ῖκαλοδμενοσ
601 3938 697 3977 ουτοσ
715 3920 777 3984 (hcc
796 3919 864 3985 ord.)
882 3918 932 3976 UT
1020 3923 1256 3992 8συγκαθεῖρξαι
1273 3921 1325 3977 ΠΤ
1406 3922 1487 3984 9κό-

227 4026 272 4077 ριν
289 4007 314 4063 Π
403 4010 430 4060 11
452 4015 537 4071 ποῖος
554 3999 611 4077 γάρ
630 4010 682 4059 etc.
699 4003 769 4057 haec
787 4019 849 4058 cum
866 4003 1088 4059 antecedentibus
1105 4020 1161 4059 non
1182 4004 1251 4059 bene
1268 4005 1425 4065 cohaerent

227 4095 258 4145 12
276 4093 409 4162 γίνεσθαι
425 4090 488 4144 libri
559 4084 618 4146 14³
609 4085 687 4146 εστιν
704 4087 773 4146 ίόεῖν
789 4088 852 4154 (hoc
869 4087 937 4154 ord.)
954 4088 1005 4144 ΠΤ
1082 4083 1118 4161 ῆν
1134 4105 1184 4158 pro
1200 4084 1285 4146 ιν’Π
1366 4096 1487 4168 κεχαρί-

227 4177 323 4244 σωμαί
345 4195 371 4231 τι
393 4174 467 4230 ΠΒΤ
563 4179 594 4228 16
618 4173 743 4230 πίλνατο
766 4173 799 4228 T.
822 4173 855 4228 II.
873 4172 967 4227 XXIII
984 4176 1033 4228 368
1042 4189 1082 4243 sq
1191 4171 1263 4228 17’
1244 4196 1262 4231 α
1264 4174 1368 4241 έξασκε
1394 4180 1420 4235 Τ

228 4256 287 4314 18
277 4258 404 4317 εὀτασαν
420 4257 470 4315 ΠΤ
489 4253 611 4331 ἔστησαν
628 4257 657 4311 Μ
731 4258 850 4358 δίφροιο
866 4257 895 4311 Μ
965 4262 998 4313 22
1016 4258 1051 4314 cf.
1064 4257 1095 4312 Il
1108 4258 1202 4313 XXIII
1215 4263 1264 4314 448
1336 4270 1488 4339 προσῆκεν

225 4345 289 4400 ΠΜ.
309 4345 344 4399 cf.
357 4343 421 4400 ibid.
440 4348 537 4445 473εη.
624 4341 681 4396 23·
673 4358 754 4395 immo
774 4334 874 4415 όργαν.
911 4337 1006 4415 ὁρμάν
1027 4343 1115 4398 deleto
1134 4360 1195 4400 mox
1216 4348 1265 4401 καὶ
1284 4346 1398 4408 Geelius
1417 4357 1489 4427 όρᾶν

226 4428 344 4484 Cobetus
435 4432 467 4482 26
487 4423 578 4486 αὗτδσ
601 4428 630 4485 δὲ
646 4426 717 4492 libri,
737 4442 806 4481 corr.
825 4426 905 4495 Emp.
1011 4431 1043 4482 29
1062 4422 1146 4486 εἶπον
1164 4424 1214 4500 ἤδη
1232 4433 1247 4496 §
1267 4434 1298 4486 73
1398 4442 1487 4496 τοῦτο

225 4514 278 4580 μὲν
297 4505 348 4570 οὖν
368 4509 417 4583 (ἓν
417 4513 430 4582 >
447 4513 550 4569 conieci
619 4529 734 4567 τοιουτο
753 4511 825 4566 libri
