3068 5160
200 329 262 390 264
662 328 787 385 DIONIS
804 327 996 384 Rflomcce

201 508 353 590 Πέρσην·
377 507 433 568 καί
450 494 545 567 ταῦτ’
571 497 629 567 ἐπ’
655 507 753 566 ἐνίων
770 505 877 578 οὕτως
893 506 979 564 ὥστε
996 505 1054 564 τδν
1072 500 1186 564 ίδόντα
1204 502 1313 576 εὐθύς
1328 497 1476 563 εἰδέναι.

200 610 257 670 καὶ
278 608 340 692 γάρ
356 608 464 692 ἐσθὴς
483 608 539 669 καί
560 604 723 682 ὑπόδεσις
738 607 794 668 καὶ
816 597 957 667 τοιαῦθ’
982 608 1078 689 ἕτερα
1102 607 1140 665 τό
1165 612 1305 686 ψεῦσμα
1330 598 1477 684 ἐλέγχει.

125 711 185 773 156
200 710 256 772 καί
278 711 381 793 μυρία
404 711 448 770 ἐῶ
472 715 538 770 τῶν
566 713 785 791 γιγνομένων,
817 708 889 768 οἷον
918 709 956 769 τό
987 702 1152 779 πολλάκις
1181 702 1305 789 ἀνδρὸς
1331 701 1477 789 σφόδρα

203 816 359 895 γέροντος
381 811 485 872 εἰκόνι
507 814 583 872 νέου
606 813 698 884 τινός
719 812 758 871 τό
782 811 887 889 όνομα
910 810 1131 893 ἐπιγράφειν,
1160 807 1374 890 θαυμαστήν
1399 827 1479 867 τινα

95 991 96 996 ¹
206 912 302 992 οἶμαι
338 910 465 997 δωρεάν
496 914 682 996 εὑρηκότων
710 915 819 992 ὑμῶν,
859 913 890 972 εί
922 912 1007 990 μετά
1035 928 1070 990 γε
1105 917 1164 994 τῆς
1192 916 1292 993 τιμῆς
1322 910 1388 970 καί
1417 910 1511 994 τηνσ

204 1011 334 1096 ηλικίαν
359 1011 486 1076 δίδοτε·
516 1014 573 1076 καὶ
602 1010 705 1076 πάλιν
734 1011 890 1098 ἀθλητοῦ
910 1033 1002 1086 τινος
1025 1008 1207 1094 ἀνδριάντα
1230 1013 1400 1088 ἑστάναι,
1432 1011 1480 1085 ὡς

205 1118 283 1178 δντα
307 1117 496 1200 ἀνθρώπου
513 1112 688 1190 παντελῶς
704 1116 873 1188 ἀσθενοῦς
894 1117 950 1177 καὶ
972 1115 1110 1197 μετρίου
1133 1115 1170 1173 τδ
1196 1119 1305 1192 σῶμα.
1347 1115 1391 1174 τδ
1416 1115 1480 1192 μὲν

203 1219 265 1303 γάρ
291 1221 480 1280 ἱππεύοντα
503 1219 561 1279 τόν
584 1215 676 1279 δεῖνα
694 1219 846 1301 όρῦσθαι
861 1208 946 1297 παρ’
971 1219 1049 1296 ύμῖν
1064 1217 1084 1300 ἢ
1102 1212 1253 1296 πολεμίῳ
1272 1223 1479 1277 συνεστῶτα

203 1323 222 1405 ἢ
242 1322 430 1404 στράτευμα
447 1321 653 1380 ἐκτάσσοντα
676 1319 865 1402 ἄνθρωπον
889 1317 1111 1381 οὐδεπώποτε
1132 1325 1192 1402 της
1213 1325 1272 1402 γῆς
1288 1319 1480 1399 ἁψάμενον

204 1428 277 1495 τοῖς
301 1425 405 1483 αὑτοῦ
432 1423 534 1482 ποσίν
563 1422 619 1482 καὶ
648 1423 717 1483 ἀπὸ
748 1428 815 1483 τῶν
845 1420 945 1498 ὤμων
973 1419 1165 1499 καταβάντα
1194 1425 1261 1480 τῶν
1294 1423 1480 1504 φερόντων
1500 1437 1522 1488 10

207 1520 302 1584 οὐδὲν
333 1520 416 1596 ἴσως
439 1525 585 1584 άτοπον·
615 1513 690 1582 ἀλλ’
717 1525 735 1583 δ
758 1519 850 1584 δεῖνά
873 1540 909 1602 γε
932 1524 1048 1604 ἐστηκε
1072 1522 1243 1582 πυκτεύων
1267 1512 1357 1605 παρ’
1386 1525 1478 1602 ύμῖν.

131 1627 190 1688 157
293 1626 348 1686 καί
378 1622 461 1707 λέγω
490 1633 595 1686 ταῦτα
623 1625 670 1704 μά
700 1626 758 1686 τόν
780 1626 850 1686 Δία
881 1624 938 1683 οὐκ
967 1622 1233 1700 ἀπεχθάνεσθαι
1261 1620 1480 1704 βουλόμενος

206 1729 284 1806 ύμῖν
309 1724 384 1788 ούδέ
410 1724 580 1811 διασύρων
603 1730 662 1812 την
686 1723 803 1803 πόλιν,
827 1716 901 1786 ἀλλ’
928 1728 1022 1799 ὅπως
1050 1721 1154 1808 μηδὲν
1184 1721 1325 1800 ἀνάξιον
1350 1729 1479 1812 ἑαυτῆς

206 1825 291 1912 μηδὲ
316 1826 494 1913 ἀλλότριον
517 1838 576 1915 τῆς
599 1826 703 1914 ἄλλης
726 1829 907 1908 εὐκοσμίας
928 1829 984 1888 καὶ
1006 1835 1065 1911 της
1094 1822 1271 1900 πολιτείας
1304 1829 1479 1914 φαίνηται

208 1939 366 1993 ποιοῦσα.
404 1933 462 1992 καί
482 1951 543 2011 μοι
567 1928 663 1993 δοκεῖ
680 1952 733 2005 τις
756 1932 796 1992 ἀν
819 1932 957 2003 εἰκότως
981 1929 1200 2013 προαχθῆναι
1216 1924 1272 1989 διά
1297 1931 1361 2014 την
1387 1933 1478 2016 πρός
1497 1946 1518 1997 15

208 2036 362 2108 ἅπαντας
385 2034 517 2096 εὔνοιαν
540 2025 809 2116 τούςἝλληνας,
840 2034 877 2093 ού
905 2034 1009 2112 μόνον
1033 2027 1089 2090 διά
1111 2032 1171 2115 την
1194 2031 1282 2114 πρδς
1305 2032 1414 2111 ὑμᾶς,
1447 2031 1482 2095 εἴ

206 2158 240 2198 τι
263 2138 328 2219 ἀρα
351 2132 477 2203 ἐνθάδε
500 2136 570 2214 ἔχοι
592 2138 636 2220 μη
660 2132 780 2211 καλῶς,
803 2137 913 2197 εἰπεῖν
935 2134 991 2194 καί
1012 2139 1167 2216 μηνῦσαι.
1300 2137 1476 2220 πρότερον
1489 2156 1526 2207 (σε

206 2239 266 2317 μὲν
289 2237 351 2319 γάρ
375 2238 410 2297 ἐκ
433 2233 569 2298 πολλῶν
593 2239 800 2322 συνειστήκει
822 2239 860 2298 τό
882 2237 995 2298 κοινὸν
1018 2230 1150 2312 ἀξίωμα
1176 2235 1233 2296 καί
1262 2231 1393 2299 πολλοὶ
1416 2240 1475 2323 τὴν

203 2330 342 2400 Ἑλλάδα
365 2335 475 2422 ηὖξον,
498 2341 603 2417 ὑμεῖς,
623 2329 820 2422 Ἀθηναῖοι,
844 2334 1133 2416 Λακεδαιμόνιοι,
1159 2336 1325 2422 Θηβαῖοι,
1345 2341 1475 2422 χρόνον

132 2440 193 2504 158
209 2441 284 2502 τινά
308 2440 505 2523 Κορίνθιοι,
528 2443 566 2501 τό
591 2437 738 2501 παλαιδν
756 2429 923 2522 Ἀργεῖοι.
969 2441 1041 2501 νυνί
1064 2436 1099 2500 δέ
1122 2441 1160 2501 τδ
1182 2441 1243 2519 μὲν
1266 2446 1335 2501 τῶν
1359 2438 1521 2503 ἀλλωνῖ0

212 2543 314 2604 ούθέν
338 2544 440 2604 ἐστιν.
488 2543 521 2603 οἱ
542 2544 603 2622 μὲν
625 2541 687 2624 γάρ
712 2542 820 2602 αὐτῶν
843 2538 929 2614 όλως
952 2538 1136 2624 ἀνῄρηνται
1157 2543 1214 2603 καί
1235 2538 1476 2620 ἀπολώλασιν,

213 2647 246 2706 οἱ
270 2642 305 2706 δὲ
329 2646 558 2730 ἀσχημονοῦσι
582 2645 788 2726 πράττοντες
812 2642 868 2703 οἷα
892 2643 1028 2703 ἀκούετε
1050 2643 1107 2704 καί
1129 2645 1241 2704 πάντα
1257 2647 1389 2728 τρόπον
1413 2648 1476 2730 την

211 2745 362 2808 παλαιάν
381 2744 482 2823 δόξαν
498 2741 728 2831 ἀφανίζοντες,
753 2747 904 2824 οἰόμενοι
926 2751 1055 2829 τρυφάν
1079 2746 1112 2805 οἱ
1128 2745 1267 2828 ἀνόητοι
1281 2747 1336 2808 καί
1349 2743 1474 2828 κέρδος

211 2850 439 2933 ἀριθμοῦντες
467 2850 505 2908 τδ
535 2848 669 2931 μηθένα
698 2842 838 2908 κωλύειν
875 2848 996 2920 αύτούς
1030 2849 1294 2931 ἁμαρτάνοντας.
1351 2842 1475 2911 λοιποὶ

211 2947 246 3011 δέ
270 2953 365 3029 ύμεῑς
388 2953 480 3011 ἐστε·
503 2949 642 3031 καὶγὰρ
665 2950 783 3028 μόνοις
801 2950 878 3028 ύμῖν
893 2951 1037 3033 ὑπάρχει
1053 2951 1090 3010 τδ
1115 2946 1224 3010 δοκεῖν
1247 2951 1353 3024 όντως
1375 2951 1520 3025 τινάςῖ5

209 3056 380 3132 γεγονέναι
414 3053 471 3112 καί
504 3046 549 3134 μὴ
579 3046 701 3124 τελέως
728 3052 1069 3137 καταπεφρονῆσθαι.
1122 3048 1178 3113 διά
1208 3053 1269 3130 μὲν
1298 3052 1362 3135 γάρ
1393 3055 1475 3128 τούς

212 3154 298 3213 ούτω
320 3157 512 3236 χρωμένους
535 3157 610 3226 ταῖς
633 3157 760 3216 ἑαυτῶν
784 3154 961 3236 πατρίσιν,
991 3154 1037 3226 ὡς
1060 3150 1286 3237 ἀληθεύοντες
1308 3154 1399 3216 ἔνιοι
1424 3151 1474 3217 λέ-

209 3271 342 3336 γοοσιν,
373 3255 475 3315 ούθέν
498 3251 621 3317 ἐκώλυε
649 3253 758 3317 πάλαι
782 3259 923 3339 Φρυγῶν
952 3257 1082 3328 πάντας
1104 3256 1123 3339 ἢ
1150 3254 1290 3339 Θρᾳκῶν
1313 3256 1474 3336 ἀτιμοτέ-

135 3359 193 3422 159
210 3377 289 3441 ρους
311 3361 481 3438 γεγονέναι
503 3359 582 3431 τούς
597 3349 764 3442 Ἕλληνας.
822 3359 936 3441 ὥσπερ
962 3357 1019 3418 ούν
1043 3357 1151 3450 οίκίας
1173 3360 1398 3444 ἠρημωμένης
1422 3367 1474 3422 εό-

211 3457 372 3538 δαίμονος
393 3461 449 3521 καὶ
470 3457 633 3544 μεγάλης,
661 3462 740 3521 όταν
764 3459 813 3533 εἷς
836 3460 887 3520 ἐτι
910 3456 1031 3533 λοιπός
1053 3481 1072 3542 η
1099 3455 1272 3538 διάδοχος,
1296 3462 1331 3522 ἐν
1354 3459 1519 3544 ἐκείνῳ30

211 3564 322 3623 πάντα
352 3563 440 3636 ἐστί,
468 3564 529 3623 κᾶν
560 3560 657 3634 οὗτος
686 3563 859 3645 άμαρτάνη
883 3583 918 3622 τι
942 3562 998 3622 καὶ
1028 3561 1130 3644 ἀκούῃ
1152 3567 1277 3637 κακῶς,
1307 3562 1368 3646 τὴν
1392 3560 1474 3648 ὅλην

212 3661 312 3741 δόξαν
336 3659 493 3749 ἀφανίζει
516 3672 575 3748 τῆς
599 3664 709 3738 οἰκίας
730 3665 786 3726 καί
809 3665 939 3737 πάντας
954 3665 1168 3741 καταισχύνει
1184 3663 1263 3736 τούς
1285 3665 1473 3750 πρότερον·

11 1384 182 1430 K...

301 3903 311 3949 1
332 3899 395 3964 post
418 3897 532 3967 Πέρσην
555 3907 644 3962 pauca
667 3893 800 3948 excidisse
823 3894 962 3962 suspicor,
986 3909 1010 3948 e.
1032 3910 1072 3962 gr.
1097 3885 1160 3961 (ὅτι
1182 3895 1235 3963 μὲν
1259 3885 1311 3950 οὖν
1335 3900 1384 3953 καὶ
1404 3892 1472 3956 άπι·

211 3979 309 4046 θάνως
327 3979 367 4047 ἀς
384 3978 419 4038 τὸ
439 3981 512 4037 πολὺ
529 3981 655 4052 γίγνεται
673 3973 708 4034 τὸ
728 3980 777 4048 τῆς
789 3970 918 4051 ἀπάτης)
929 3982 978 4035 καὶ
995 3971 1078 4037 ταῦτ’
1096 3973 1145 4036 ἐπ’
1163 3979 1247 4037 ἐνίων
1261 3986 1311 4036 etc.
1366 3986 1382 4035 2
1399 3979 1474 4040 ἀπό·

211 4072 295 4123 θεσιο
313 4067 392 4122 UBM
488 4068 601 4137 ψεῦσμα
620 4063 676 4118 UM
695 4067 799 4135 ψεῦδος
817 4063 865 4118 ΒΤ
961 4064 1169 4119 4ccribendum
1188 4061 1403 4138 ἐπιγράφεσθαι

212 4160 227 4205 ο
247 4144 290 4207 <bc
307 4166 359 4204 om.
379 4150 402 4203 Τ
473 4154 485 4200 7
505 4143 628 4216 τὸνμὲν
646 4147 675 4201 Μ
762 4153 792 4203 11
811 4148 901 4216 ipsum
919 4164 1016 4204 nomen
1034 4164 1051 4203 a
1067 4149 1155 4204 Dione
1172 4151 1307 4218 prolatum
1326 4165 1395 4218 esse,
1414 4169 1474 4208 cer·

211 4236 343 4291 tissimum
363 4239 404 4289 est
474 4238 504 4287 17
526 4227 617 4302 δ’χοιμι
634 4237 733 4291 καλῶσ
752 4233 825 4289 UBT
906 4237 937 4288 19
955 4224 1084 4306 ἧρξανΤ
1154 4239 1183 4288 21
1205 4225 1290 4292 δίωσ
1307 4236 1333 4290 U
1404 4231 1474 4310 ἀνή-

214 4341 296 4393 ρηται
318 4320 348 4374 Μ
452 4321 484 4371 22
509 4311 643 4373 ἀκούεται
661 4317 691 4371 Μ
795 4321 827 4372 23
850 4313 973 4388 ἐώμενοι
995 4336 1044 4389 pro
1068 4310 1199 4387 οἰόμενοι
1222 4321 1291 4374 coni.
1309 4320 1392 4386 wic,
1418 4339 1475 4377 non

212 4404 313 4459 accedo
367 4409 399 4458 24
417 4399 521 4459 λοιπὸν
539 4402 567 4460 δὲ
579 4402 658 4457 MUT
677 4403 752 4472 (quid
769 4405 792 4456 Β
811 4402 931 4471 dubium)
950 4421 973 4471 v,
992 4420 1061 4460 corr.
1075 4404 1175 4460 Reiske
1228 4409 1258 4458 27
1279 4395 1375 4462 οῧτωσ
1393 4408 1421 4463 U

213 4494 245 4543 30
264 4483 368 4544 λοιπὸν
385 4489 464 4543 UBM
