3068 5160
163 331 225 392 332
559 329 683 386 DIONIS
700 329 858 387 TARSIGA
874 331 1026 386 ALTERA

163 503 327 579 πολλάκις
350 503 451 580 άλούς
474 503 607 590 ἀπέδρα
630 497 727 589 [παρ’
754 500 885 589 αὐτῶνή,
909 515 1038 583 τοῦτον,
1061 509 1138 570 ἐπεὶ
1160 506 1199 592 δή
1224 529 1312 572 ποτε
1337 512 1413 573 άπέ-

163 608 284 684 θανεν,
309 609 415 682 οὕτως
438 610 555 687 ἔχοντα
579 609 770 694 εὑρεθῆναι.
817 610 905 693 φημί
926 611 1039 671 τοίνυν
1063 608 1158 672 ούδέν
1182 609 1310 696 ὄφελος
1333 612 1414 676 εἶναι

162 714 235 784 τοῖς
257 719 400 795 γυμνῆσι
422 713 572 787 τούτοις,
602 703 688 792 [οὐδ’
715 699 755 773 δν
779 708 966 773 πελτασταί
988 706 1180 794 γένωνται],
1210 716 1300 796 πρός
1323 734 1360 796 γε
1381 717 1413 776 τί

164 808 294 872 δίκαιον
315 813 372 873 καί
396 814 619 896 σωφροσύνην
643 810 756 898 άληθή
779 815 835 875 καί
852 816 1026 897 φρόνησιν,
1051 805 1128 875 οὐδ’
1154 802 1194 875 δν
1217 816 1270 877 ἔτι
1292 814 1414 895 μᾶλλον

162 911 405 976 ἀποδύσωνται
426 916 482 976 καί
503 917 622 996 γυμνοί
645 920 871 999 περιτρέχωσι
892 924 954 977 τοῦ
971 922 1138 994 χειμῶνος
1160 917 1179 1000 ή
1203 918 1263 1002 τήν
1287 916 1441 1003 Μήδων1

161 1018 217 1078 καί
236 1008 387 1100 Ἀράβων
420 1013 541 1102 στολήν
572 1015 737 1098 λάβωσιν,
769 1019 884 1103 ὥσπερ
913 1014 989 1079 ούδέ
1013 1015 1125 1079 αὐλεῖν
1149 1019 1259 1080 ἱκανοί
1281 1021 1416 1082 ἔσονται

162 1119 203 1179 τὰ
226 1125 293 1181 τῶν
317 1116 468 1202 αὐλητῶν
491 1116 711 1193 ἐνδεδυκότες.
758 1117 834 1180 οὐδὲ
856 1120 919 1203 γάρ
948 1120 1027 1194 τούς
1051 1121 1147 1193 όνους
1176 1121 1310 1195 ἵππους
1333 1127 1415 1203 γενέ-

164 1221 251 1282 σθαι
280 1217 438 1296 δυνατόν,
468 1212 543 1281 οὐδ’
574 1209 614 1282 δν
638 1223 688 1282 ἔτι
719 1218 823 1282 πλέον
845 1223 906 1295 τδς
928 1225 1025 1306 ῥῖνας
1047 1223 1313 1306 ἀνατμηθῶσιν,
1346 1216 1413 1286 οὐδ’

163 1311 202 1384 δν
218 1324 279 1397 τάς
293 1324 443 1403 γνάθους
458 1325 641 1407 τρήσαντες
657 1324 765 1385 αὐτῶν
780 1320 909 1405 ψάλιον
926 1320 1129 1404 ἐμβάλωσιν,
1153 1322 1230 1385 ούδέ
1251 1312 1292 1386 δν
1310 1323 1415 1411 άφέλη

162 1447 215 1499 τις
237 1425 278 1485 τά
303 1427 472 1504 σάγματα·
497 1422 581 1486 άλλδ
606 1427 805 1509 ὀγκήσονται
828 1427 896 1509 πρδ
919 1432 986 1486 τῶν
1008 1433 1126 1504 τειχῶν
1143 1429 1231 1487 πάνυ
1255 1431 1347 1508 μέγα
1365 1430 1417 1490 καί
1432 1436 1453 1487 11

126 1523 267 1594 4τάλλα
296 1529 483 1610 ποιήσουσι
512 1528 553 1586 τά
583 1532 760 1610 πρέποντα
792 1528 916 1600 αὐτοῖς.
969 1528 1056 1589 ὥστε
1088 1525 1205 1611 μηδείς
1233 1531 1331 1590 ἕνεκα
1361 1537 1418 1591 τού

163 1631 331 1713 σχήματος
353 1630 525 1708 νομισάτω
551 1625 726 1712 διαφέρειν
747 1649 789 1708 με
811 1626 955 1712 μηδενὸς
975 1627 1060 1713 μηδὲ
1083 1633 1190 1711 τούτῳ
1214 1633 1416 1694 πεποιθότα

163 1728 286 1812 λέγειν,
317 1727 401 1791 ἀλλὰ
425 1731 620 1791 τούναντίον
644 1732 737 1814 δρᾶν,
766 1718 807 1791 δν
829 1732 890 1809 μὲν
911 1733 1052 1814 ήσυχίαν
1081 1734 1150 1812 όγω
1173 1730 1345 1810 καθάπαξ
1365 1736 1418 1796 καί

163 1829 371 1912 διαλέγωμαι
392 1829 522 1915 μηδενί,
550 1829 667 1913 πολλῷ
690 1828 815 1910 μᾶλλον
838 1834 998 1893 ὑπονοεῖν
1020 1833 1099 1905 τούς
1121 1833 1333 1914 ἀνθρώπους
1341 1838 1418 1908 ,τίς

162 1923 202 1996 δν
220 1933 316 2014 οἶμαι
334 1937 586 2013 σεμνυνόμενον,
611 1936 657 2008 ῶς
674 1931 863 1995 σπουδαῖον
880 1936 1071 2017 κρύπτοντα
1089 1967 1128 1976 -
1145 1929 1270 1994 πολλοί
1291 1934 1356 2017 γὰρ
1380 1930 1415 2018 δή
1435 1940 1457 1990 11

162 2028 210 2097 δι’
230 2037 311 2097 αύτύ
330 2043 429 2097 τοῦτο
446 2037 733 2120 ἐθαυμάσθησαν,
756 2038 794 2096 τδ
813 2042 907 2117 σιγοῖν
923 2036 1038 2096 -ἐάν
1055 2031 1090 2096 δέ
1114 2036 1149 2095 ἐν
1171 2032 1219 2116 τῷ
1242 2039 1338 2116 μέσῳ
1362 2057 1415 2096 κα·

161 2139 288 2211 ταστδς
317 2135 460 2222 μηδενὸς
488 2140 626 2217 ἄμεινον
657 2135 760 2220 λέγων
791 2139 967 2222 φαίνωμαι
996 2143 1063 2198 τῶν
1089 2133 1251 2220 καπήλων
1273 2139 1416 2199 καὶτῶν

162 2243 361 2324 ὀρεοκόμων,
387 2242 444 2300 ούκ
468 2239 669 2325 ἐνοχλήσειν,
694 2247 814 2324 σαφῶς
838 2228 960 2313 αὐτούς
983 2241 1174 2323 ἑωρακότας
1198 2240 1323 2313 ὁποῖός
1339 2241 1414 2318 είμι.

126 2349 145 2408 5
164 2340 280 2421 σχεδδν
305 2340 340 2403 δὲ
363 2350 462 2403 τοῦτο
484 2345 541 2404 καί
562 2332 622 2404 ἐπ’
649 2340 759 2404 άλλων
783 2339 867 2403 ἰδεῖν
890 2343 964 2402 ἔστι
986 2343 1198 2423 γιγνόμενον·
1228 2339 1302 2402 οἷον
1327 2343 1417 2403 ἐπει-

162 2442 223 2506 δάν
252 2465 346 2526 τινες,
369 2436 608 2528 ὑπονοήσωσιν
635 2446 721 2522 ἔχειν
744 2445 819 2505 τινά
842 2451 942 2504 τοῦτο
966 2436 1064 2518 αὐτό,
1095 2442 1113 2502 δ
1142 2445 1344 2522 τυγχάνουσι
1368 2439 1457 2526 ζη-11

161 2555 313 2623 τοῦντες,
343 2547 511 2630 προσίασι
533 2548 589 2608 καί
611 2547 848 2630 ἀνερευνῶσιν·
878 2545 936 2605 ἐάν
961 2544 1025 2606 ούν
1055 2540 1256 2627 περιστέλλῃ
1286 2545 1344 2606 καί
1373 2547 1416 2628 μή

161 2647 265 2733 ἐθέλη
290 2647 466 2726 δεικνύειν,
494 2650 545 2710 ἐτι
566 2646 691 2728 μᾶλλον
714 2639 936 2709 ὑπονοοῦσιν·
960 2647 1018 2707 ἐάν
1042 2643 1078 2707 δέ
1102 2653 1305 2729 παραχρῆμα
1329 2647 1419 2706 άπο-

160 2750 296 2835 καλύψῃ
318 2753 374 2812 καί
395 2755 532 2834 γένηται
556 2753 701 2836 φανερός
725 2739 784 2811 οὐκ
806 2751 890 2828 έχων
907 2738 1013 2824 οὐδέν,
1037 2749 1174 2824 άπίασι,
1197 2743 1417 2829 διημαρτηκέ-

162 2877 218 2916 ναι
249 2856 457 2934 νομίσαντες.
503 2850 590 2913 πολύ
615 2850 653 2937 δή
680 2857 831 2936 κρεῖττον
854 2856 927 2925 τοῖς
951 2840 989 2911 οὗ
1011 2847 1185 2929 δεομένοις
1207 2843 1303 2931 δόξης
1327 2847 1417 2906 ἀπο-

161 2953 401 3017 καλύπτεσθαι
431 2958 518 3038 πρύς
547 2957 625 3028 τούς
655 2951 803 3028 πολλούς
830 2956 887 3015 καί
910 2954 1055 3038 φανερὸν
1077 2949 1126 3032 τῷ
1150 2948 1234 3031 λόγῳ
1258 2953 1374 3011 ποιεῖν
1400 2962 1457 3012 *li

163 3048 264 3118 αδτδν
287 3062 360 3130 τοῖς
384 3053 580 3134 δυναμένοις
603 3054 750 3133 ξυνεῖναι
771 3050 853 3138 [τόν]
879 3056 1066 3138 ἄνθρωπον
1083 3055 1205 3126 ὁποῖός
1227 3053 1330 3114 ἐστιν.
1372 3050 1419 3112 οί-

250 3311 261 3360 1
282 3297 356 3377 παρ’
375 3299 470 3361 αὐτῶν
488 3304 594 3370 seclusi,
613 3304 685 3373 quod
703 3319 830 3372 graecum
848 3319 903 3358 non
921 3319 981 3358 esse
998 3302 1102 3357 monuit
1119 3301 1238 3357 Cobetus
1320 3305 1336 3355 3
1358 3297 1418 3360 οὐδ’

163 3391 199 3451 riv
217 3423 250 3432 -
270 3391 409 3464 γένωνται
427 3389 486 3444 iure
504 3393 631 3456 suspecta
648 3389 792 3458 Emperi03
817 3395 882 3458 puto
900 3389 999 3442 fuisse:
1019 3381 1082 3445 οὐδ’
1101 3381 1138 3445 δν
1156 3391 1251 3452 δασεῖς
1268 3383 1419 3462 γένωνται,

162 3479 197 3532 ob
222 3476 417 3546 interpolatore
444 3475 599 3542 repetitum,
622 3475 695 3541 quod
721 3490 781 3527 cum
800 3475 1038 3542 interpretamento
1057 3488 1114 3528 voc.
1137 3478 1258 3544 γυμνῆσι
1282 3473 1311 3527 in
1337 3489 1418 3528 unum

163 3563 271 3618 coaluit.
342 3554 616 3632 ὅπεριτρὲχοοσιΰ
686 3552 900 3632 δοίρῤοὲβωνΤ
975 3555 1093 3616 ἐσονται
1112 3557 1208 3614 ἱκανοί
1226 3558 1277 3614 UT
1350 3557 1417 3615 ῖέν

162 3647 258 3715 δύντες
275 3647 348 3705 UBT
453 3641 595 3716 9φάλιον
612 3645 745 3711 Valesius,
764 3645 865 3717 ψέλιον
882 3644 961 3699 UBM
979 3643 1138 3717 ψέλλιονΤ
1224 3637 1278 3699 ἐὰν
1295 3643 1352 3698 ΜΤ

164 3742 194 3790 lo
214 3733 347 3806 σάγματα
366 3731 491 3796 casaub„
511 3722 663 3802 ἀγάλματα
681 3730 743 3785 libri
847 3735 878 3783 12
897 3722 1036 3799 νομιοιίτο
1054 3730 1080 3785 U
1182 3731 1212 3781 13
1231 3728 1417 3782 scribendum:

164 3818 278 3894 δρῶντα
288 3841 297 3884 ,·
316 3812 395 3875 ἅπαν
412 3833 462 3886 pro
483 3814 557 3889 δρᾶν
574 3815 671 3883 Pflugk
758 3821 789 3870 14
807 3815 971 3887 διαλέγομαι
988 3816 1014 3870 U
1083 3807 1122 3879 ὡς
1140 3807 1177 3870 ἂν
1193 3811 1303 3878 Reiske‚
1322 3804 1366 3870 ὧν
1384 3809 1419 3872 δν

162 3907 216 3960 ΒΜ
234 3909 277 3971 (ex
294 3903 344 3960 UT
363 3903 429 3956 nihil
446 3901 584 3965 adnotavi)
677 3906 707 3952 15
726 3897 743 3971 ἢ
761 3891 805 3957 δίο
817 3923 843 3958 τι
863 3903 954 3970 Emp,
971 3904 1022 3958 καί
1040 3922 1067 3957 τι
1086 3899 1147 3965 (del.
1172 3894 1221 3964 ὡς)
1239 3897 1351 3952 Geelius

164 3997 194 4045 17
213 3992 361 4061 φαίνωμαι
379 3987 470 4059 λέγων
489 3987 550 4052 (hoo
569 3986 637 4052 ord.)
655 3985 704 4040 UT
776 3993 807 4042 18
827 3982 1004 4061 ὀρεωκόμων
1023 3987 1046 4040 Τ
1065 3980 1281 4059 όρεοκτόμωνῐ]
1335 3981 1418 4057 ἑορα-

162 4072 253 4141 κότας
272 4074 295 4127 Τ
366 4077 398 4126 20
417 4066 480 4128 τινδι
498 4071 605 4135 Reiske‚
624 4067 704 4137 τινδις
721 4072 783 4126 libri
852 4079 880 4127 21
902 4073 1065 4144 περιστείλῃ
1082 4071 1152 4136 libri,
1172 4085 1241 4125 corr.
1259 4068 1365 4125 Reiske

163 4167 195 4215 25
215 4163 302 4214 totum
319 4158 409 4212 locum
432 4157 471 4211 sio
493 4157 618 4211 restituo:
642 4160 685 4230 τῷ
702 4153 779 4230 λόγῳ
797 4167 891 4214 ποιεῖν
908 4148 973 4226 (δτι
996 4151 1078 4214 οὐδὲν
1102 4149 1198 4227 ἔχουσι
1215 4159 1274 4212 τῶν
1297 4153 1420 4222 ἐκείνοις

162 4249 278 4315 τιμίων,
303 4237 320 4300 δ
343 4235 424 4315 κοίγδι
447 4246 497 4298 νῦν
519 4237 676 4308 πεπονθώς
694 4239 810 4299 δεικνύω
830 4241 882 4312 ἐμ)
911 4236 1001 4299 αὐτὸν
1025 4251 1087 4308 τοῖς
1109 4240 1274 4310 δυναμένοις
1297 4247 1420 4309 ξυνεῖναι

163 4328 323 4402 ἄνθρωπον
343 4322 447 4393 δτιοῖός
465 4325 550 4383 ἐστιν.
576 4322 654 4396 οἶμαι
666 4323 723 4400 γὰρ
742 4319 845 4393 αὐτούς
856 4323 1088 4400 καταφρονήσειν
1107 4329 1207 4399 σαφῶς
1218 4330 1267 4382 καί
1281 4325 1335 4385 ούκ
1355 4320 1419 4400 ὀνή-

164 4420 266 4471 σεσθαι
284 4407 415 4486 οἷλλήλων
431 4409 505 4484 ἡμᾶς
523 4417 573 4466 etc.
646 4415 677 4465 26
697 4406 786 4469 αὐτὸν
804 4412 883 4467 UMT
968 4408 1020 4468 τὸν
1038 4412 1154 4480 εοσλοεὶς
1173 4416 1232 4468 τῶν
1250 4406 1419 4486 ἀνθρώπων

163 4499 264 4554 Jacobs
