3068 5160
608 358 743 414 ORATIO
762 357 811 414 Ill.
1297 358 1338 417 49

81 542 148 596 τῶν
183 536 427 618 συνεργούντων
458 536 514 596 καί
546 525 621 613 μετ’
653 535 786 608 εὐνοίας
814 531 982 607 πλείονος.
1039 534 1163 618 ἀνάγκη
1197 534 1259 617 γάρ
1294 535 1336 595 τά

80 641 222 717 μέγιστα
244 637 300 698 καί
324 633 580 697 σπουδαιότατα
603 642 670 696 τῶν
693 639 901 719 πραγμάτων
922 636 942 719 ἢ
968 638 1141 698 πιστεύειν
1165 639 1294 720 ἑτέροις
1315 637 1334 720 ἢ

81 739 280 821 προΐεσθαι.
324 740 380 799 καί
401 739 515 798 τοίνυν
537 742 609 812 τοῖς
631 739 692 816 μὲν
716 734 871 812 ἰδιώταις
901 739 935 797 οἱ
963 739 1063 815 νόμοι
1086 741 1273 820 παρέχουσι
1294 739 1333 798 τὸ
1345 737 1386 799 88

80 842 125 924 μη
148 836 347 901 ἀδικεῖσθαι
369 836 497 923 ῥᾳδίως
518 840 586 900 ύπδ
609 841 738 900 τούτων
762 839 814 913 οἷς
836 840 877 900 ἂν
901 835 1118 918 συμβάλωσιν
1139 840 1159 922 ἢ
1181 840 1335 922 χρήματα

42 948 56 998 5
80 944 323 1015 πιστεύσαντες
344 942 364 1024 ἢ
389 939 481 1001 οἷκον
504 943 752 1024 ἐπιτρέψαντες
773 942 792 1024 ἢ
817 942 914 1024 ἔργον
944 941 1037 1013 τινδς
1062 941 1335 1024 κοινωνήσαντες,

81 1037 274 1126 ζημιοῦντες
303 1044 361 1103 τὸν
391 1037 586 1103 ἀδικοῦντα·
617 1047 690 1116 τοῖς
720 1039 755 1104 δὲ
786 1039 964 1122 βασιλεῦσι
993 1044 1031 1102 τδ
1061 1043 1107 1126 μη
1138 1037 1336 1103 ἀδικεῖσθαι

81 1147 330 1216 πιστεύσαντας
360 1143 417 1203 ούκ
446 1144 521 1204 ἔστι
549 1145 642 1228 παρά
671 1151 737 1206 τῶν
764 1147 875 1223 νόμων
899 1139 1024 1228 ζητεῖν,
1052 1139 1136 1203 ἀλλὰ
1160 1142 1337 1227 περάτης

80 1246 221 1318 εύνοίας.
264 1247 321 1306 καὶ
342 1245 404 1328 γάρ
429 1247 667 1329 ἰσχυροτάτους
681 1248 742 1325 μὲν
758 1228 847 1318 εἰκδς
863 1246 1024 1305 ἁπάντων
1045 1243 1133 1305 εἶναι
1147 1245 1226 1317 τούς
1241 1246 1336 1326 έγγύς
1346 1244 1387 1308 89

80 1354 147 1408 τῶν
170 1343 338 1426 βασιλέων
360 1349 416 1409 καὶ
438 1350 497 1433 την
520 1349 622 1433 ἀρχὴν
646 1343 927 1419 συνδιοικοῦντας.
974 1347 1043 1406 ἀπδ
1069 1343 1104 1406 δὲ
1127 1347 1256 1406 τούτων
1280 1346 1338 1406 ούκ

27 1455 56 1506 10
79 1449 172 1509 ἔστιν
196 1443 278 1531 άλλη
303 1444 431 1533 φυλακὴ
456 1445 544 1533 πλην
568 1451 607 1509 τδ
631 1448 850 1530 ἀγαποῖσθαιΙ
873 1449 929 1509 καί
944 1451 1017 1520 τοῖς
1031 1448 1092 1524 μέν
1107 1454 1263 1525 τυχοῦσιν
1280 1448 1337 1507 ούκ

81 1544 234 1632 ἀσφαλὲς
257 1550 328 1632 εἰκῇ
349 1545 570 1628 μεταδιδόναι
593 1546 780 1629 δυνάμεως,
810 1551 878 1629 ὅσῳ
904 1540 937 1609 δ’
963 1550 1004 1609 ἀν
1026 1569 1079 1622 τις
1107 1550 1186 1622 τούς
1216 1545 1337 1633 φίλους

81 1651 315 1733 ἰσχυροτέρους
337 1659 431 1734 ποιῇ,
454 1653 605 1732 τοσούτῳ
630 1652 844 1736 ἰσχυρότερος
867 1651 968 1724 αύτδς
995 1651 1153 1731 γίγνεται.
1200 1643 1274 1733 [ὅρα
1299 1646 1334 1710 δὲ
1347 1651 1386 1713 90

80 1753 132 1810 ὅτι
155 1758 221 1811 τῶν
243 1753 304 1829 μέν
326 1748 437 1813 ἀλλων
458 1756 636 1837 κτημάτων
658 1753 699 1813 τά
721 1755 783 1831 μέν
806 1754 970 1834 ἀναγκαῖα
992 1755 1096 1831 μόνον
1111 1755 1167 1813 καί
1186 1753 1334 1836 χρήσιμα

10 1865 66 1915 211)
81 1849 177 1913 δοκεῖ
195 1859 290 1928 πάσι,
313 1858 436 1938 τέρψιν
459 1852 494 1916 δὲ
513 1852 671 1935 οὐδεμίαν
687 1859 886 1939 παρέχεται·
910 1855 951 1915 τὰ
969 1851 1004 1915 δὲ
1020 1850 1101 1936 ηδέα
1116 1857 1230 1932 μόνον,
1255 1870 1335 1933 συμ-

28 1965 55 2014 15
81 1958 227 2039 (γέροντα
252 1951 287 2016 δέ
318 1955 371 2015 ού·
395 1957 590 2018 τούναντίον
620 1954 721 2017 δὲτὰ
745 1953 889 2017 πλεῖστα
918 1962 986 2016 τῶν
1014 1952 1121 2036 ηδέων
1151 1956 1335 2039 ἀσύμφορα

81 2050 290 2140 εὑρίσκεται]
334 2060 390 2120 καὶ
412 2061 524 2120 τοίνυν
547 2061 610 2120 ὅσα
633 2060 694 2136 μὲν
717 2059 881 2139 ἀναγκαῖα
906 2059 963 2118 καί
988 2059 1137 2140 χρήσιμα
1166 2063 1234 2117 τῶν
1262 2057 1385 2140 κτη-91

78 2160 211 2237 μάτων,
246 2159 284 2219 οὐ
314 2161 452 2233 πάντως
480 2158 603 2244 ηδονην
636 2181 711 2222 τινα
741 2161 810 2237 ἔχει
836 2163 909 2232 τοῖς
937 2162 1164 2242 κεκτημένοις·
1200 2160 1263 2218 ὅσα
1299 2154 1335 2218 δὲ

80 2258 217 2342 τερπνά,
248 2261 306 2321 οῦκ
335 2261 439 2334 εὐθύς
470 2251 526 2322 διά
560 2269 658 2322 τοῦτο
693 2263 750 2322 καί
784 2265 1015 2344 συμφέροντα·
1049 2261 1244 2322 τούναντίον
1272 2260 1334 2342 γάρ

80 2358 191 2422 πολλὰ
220 2369 287 2423 τῶν
316 2358 423 2444 ηδέων
452 2360 632 2448 ἀξύμφορα
663 2359 878 2444 ἐξελέγχεται.
925 2363 1042 2422 αὐτίκα
1071 2363 1162 2446 τείχη
1191 2364 1252 2441 μὲν
1280 2363 1334 2422 καὶ
1347 2362 1388 2423 92

28 2473 57 2524 w
79 2461 168 2525 ὅπλα
198 2465 254 2525 καί
275 2466 496 2548 μηχανήματα
525 2466 581 2526 καί
605 2460 820 2548 στρατόπεδα
848 2471 914 2525 τῶν
941 2465 1130 2545 ἀναγκαίων
1159 2465 1232 2526 έστί
1259 2485 1335 2547 κτη-

79 2569 194 2644 μάτων
217 2570 291 2640 τοῖς
312 2575 509 2649 κρατοῦσιν·
533 2569 611 2628 ἀνευ
634 2568 696 2651 γάρ
720 2569 848 2627 τούτων
872 2567 930 2644 ούχ
947 2566 1019 2627 οἷόν
1035 2586 1070 2626 τε
1088 2559 1262 2639 σώζεσθαι
1276 2567 1335 2650 την

81 2669 198 2752 ἀρχήν·
222 2672 345 2750 τέρψιν
370 2665 405 2728 δὲ
430 2669 488 2747 ούχ
510 2671 577 2753 δρῶ
601 2671 706 2730 ποίαν
729 2665 805 2746 δίχα
827 2687 863 2749 γε
879 2676 938 2752 τῆς
954 2663 1123 2751 ὠφελείας
1138 2667 1214 2744 ἔχει.
1250 2663 1335 2726 καλά
1346 2665 1387 2729 93

81 2766 116 2829 δὲ
146 2765 232 2853 ἄλση
262 2771 318 2830 καί
345 2771 451 2831 οἰκίαι
479 2767 675 2844 πολυτελεῖς
703 2765 794 2850 <καί>
827 2766 1022 2852 ἀνδριάντες
1050 2769 1106 2829 καί
1127 2769 1256 2852 γραφαὶ
1278 2775 1337 2852 τῆς

80 2867 232 2944 παλαιάς
260 2891 296 2932 τε
324 2873 381 2932 καί
409 2873 513 2956 ἀκρας
543 2878 658 2956 τέχνης
686 2873 742 2933 καί
761 2874 888 2955 χρυσοῖ
911 2878 1073 2956 κρατῆρες
1100 2872 1157 2932 καί
1182 2866 1360 2931 ποικίλαι·

27 2983 57 3035 25
80 2967 247 3056 τράπεζαι
268 2974 324 3034 καὶ
346 2976 508 3058 πορφύρα
530 2976 586 3036 καὶ
608 2971 733 3058 έλέψας
755 2975 812 3035 καί
834 2969 992 3057 ἤλεκτρος
1013 2973 1070 3033 καί
1097 2974 1211 3056 μύρων
1234 2972 1338 3050 ὀσμαὶ

80 3075 138 3135 καί
159 3075 344 3154 θεαμάτων
374 3077 547 3137 παντοίων
574 3077 631 3137 καὶ
661 3076 882 3154 ἀκουσμάτων
906 3078 1045 3158 τέρψεις
1075 3070 1131 3135 διά
1160 3094 1197 3134 τε
1222 3081 1337 3158 φωνῆς

79 3177 137 3237 καί
165 3177 330 3258 ὀργάνων,
361 3170 460 3260 [πρὸς
490 3174 526 3238 δὲ
558 3177 601 3238 αύ
627 3179 762 3250 τούτοις
790 3180 942 3257 γυναῖκες
969 3177 1095 3258 ὡραῖαι
1115 3177 1172 3237 καί
1193 3171 1336 3236 παιδικά

81 3272 203 3361 ὡραῖα]
230 3275 406 3357 ξύμπαντα
429 3285 533 3338 ταῦτα
559 3275 718 3357 ούδεμιάς
740 3282 833 3340 ἕνεκα
854 3278 980 3360 χρείας,
1004 3268 1080 3336 ἀλλ’
1105 3273 1227 3362 ηδονῆς
1243 3277 1336 3359 εὑρη-

165 3498 181 3547 2
199 3491 411 3568 σπουδαιότερα
429 3495 499 3562 libri,
519 3510 589 3549 corr.
608 3495 709 3548 Reiske
761 3487 852 3548 λύπό
872 3511 923 3548 του
941 3491 965 3545 V
1018 3487 1219 3563 συμβάλλωσιν
1236 3493 1286 3546 UB

78 3579 274 3648 ’ἰζειτεῖνῖἰ
360 3579 584 3634 9scribendum:
609 3571 669 3635 ἀπὸ
688 3578 718 3635 δὲ
736 3574 877 3634 τοιούτων
967 3581 997 3629 10
1020 3579 1069 3632 καὶ
1087 3577 1195 3644 scripsi,
1218 3570 1257 3641 ὡς
1274 3577 1336 3630 libri

82 3667 109 3716 11
132 3653 240 3719 δσοιΠ
328 3667 359 3716 12
377 3659 541 3720 τοσούτοΡ
628 3666 738 3735 γίνεται
755 3663 829 3719 UVP
920 3665 949 3717 13
971 3652 1016 3718 δτι
1034 3656 1147 3718 τούτων
1162 3660 1258 3729 μὲνί

81 3747 265 3801 scribendum:
290 3742 361 3827 ὃρηῖ,·
388 3750 508 3802 ceterum
531 3744 588 3826 δρᾷ
612 3748 642 3805 δὲ
665 3739 712 3805 δτι
730 3779 763 3787 -
782 3743 946 3820 εὑρίσκεται
970 3747 1060 3802 νειοῖο
1083 3747 1189 3799 tantum
1211 3744 1338 3798 differunt

79 3848 97 3888 ε
119 3832 294 3901 sequentibus
315 3836 364 3889 καὶ
385 3834 483 3890 τοίνυν
506 3863 538 3873 -
561 3831 752 3904 ἐξελέγχεται,
779 3835 811 3886 ut
832 3833 889 3887 fere
913 3834 941 3886 in
965 3833 1017 3886 hac
1041 3832 1165 3887 oratione
1181 3829 1240 3883 fieri
1257 3829 1338 3897 solet;

79 3917 191 3972 seclusit
208 3918 276 3972 haec
293 3917 465 3984 Dindorfius,
483 3917 531 3971 illa
547 3918 693 3986 Emperius
768 3923 799 3971 13
818 3911 963 3989 ἀναγγαῖα
980 3907 1058 3986 μδνα
1076 3916 1098 3970 Ρ
1166 3911 1299 3987 χρήσημα
1316 3913 1338 3967 Ρ

78 3995 266 4073 ἀχρήσιμαί
312 4007 343 4057 14
360 4007 448 4060 πᾶσιν
465 4004 491 4058 U
544 4007 575 4058 18
593 3998 637 4059 διὰ
656 4007 745 4060 τοῦτο
765 3995 818 4061 ούκ
835 3995 928 4060 edsio
946 4003 1020 4057 UBV
1074 4005 1104 4055 19
1123 3995 1158 4057 τὰ
1178 3994 1270 4056 πολλὰ
1289 3998 1338 4054 UB

77 4079 234 4160 ἀσύμφορα
252 4089 326 4144 UBV
429 4087 556 4159 τείχειΡ
661 4092 693 4141 20
712 4081 920 4158 ἀναγγαίωνΡ
1024 4083 1083 4142 ἐστὶ
1102 4102 1154 4140 om.
1173 4085 1248 4141 UBV

79 4175 112 4225 22
135 4175 226 4229 ποίαν
247 4193 280 4244 γε
303 4175 368 4244 δίχα
385 4174 436 4229 UB
539 4175 638 4228 23καί
657 4173 747 4229 οἰκίαι
764 4177 933 4228 πολοτελεῖσ
950 4164 1121 4240 ἀνδριάντεσ
1138 4170 1163 4225 V
1180 4173 1230 4225 καί
1251 4168 1339 4225 οἰκίαι

80 4260 129 4312 καὶ
149 4262 317 4315 πολυτελεῖσ
334 4253 504 4329 ἀνδριάντεσ
520 4258 570 4314 UB
588 4263 627 4322 (at
644 4257 689 4311 hic
708 4257 797 4320 οἰκία)
820 4259 869 4312 καὶ
888 4255 918 4313 οἳ
935 4259 1104 4311 πολυτελεῖσ
1122 4249 1291 4327 ἀνδριάντεσ
1308 4254 1338 4313 Ρ.

80 4357 150 4396 corr.
170 4343 271 4398 Reiske
351 4347 404 4414 τῆσ
421 4347 555 4402 παιδείασ
572 4365 604 4401 τε
621 4342 647 4397 V
664 4348 718 4415 τῆσ
736 4343 900 4399 σπουδαίασ
916 4359 947 4396 τε
964 4340 1014 4394 UB
1095 4343 1128 4394 25
1147 4335 1295 4413 πορφύραι
1312 4339 1338 4394 U

80 4419 169 4497 σ’σμαί
190 4424 347 4497 θεαμάτων
369 4448 400 4485 τε
422 4428 497 4484 UBV
601 4429 631 4480 21
656 4423 732 4500 πρὸς
754 4428 784 4484 δὲ
802 4457 834 4466 -
855 4419 950 4493 ὡραῖα
968 4425 1148 4494 interpolata,
1173 4429 1203 4479 ut
1220 4422 1339 4480 ostendit

79 4506 219 4584 εύρημένα
287 4517 386 4571 παιδία
404 4515 453 4570 UB
522 4517 554 4566 28
573 4516 662 4569 ταῦτα
676 4512 739 4569 ssi>
809 4503 898 4568 α’λῬ

130 4605 188 4649 Ι)ΙΟ.
201 4605 220 4648 I.
1114 4600 1129 4648 4
