3068 5160
200 353 258 411 168
563 350 685 407 DIONIS
703 349 753 405 DE
773 348 1081 405 DEICOGN1T10Nu

198 525 332 611 πλησαν
354 527 519 599 ὑπονοίας
541 527 597 586 καί
619 522 776 609 ποικίλης
807 525 968 608 περὶτοῦ
990 520 1182 604 δαιμονίου,
1213 526 1249 584 ού
1273 521 1452 598 παντελῶς

198 626 440 713 διαφερόμενοι
462 633 534 700 τοῖς
557 632 718 711 ποιηταῖς
740 628 796 688 καί
819 627 1040 705 νομοθέταις,
1063 628 1101 687 τό
1124 628 1184 705 μὲν
1208 629 1302 699 ὅπως
1324 628 1368 711 μὴ
1395 622 1451 687 δο-

195 738 281 792 κῶσι
310 732 504 813 παράνομοι
525 730 581 790 καί
601 733 677 802 ταῖς
703 731 933 807 ἐπικειμέναις
961 731 1140 808 ἐνέχωνται
1169 723 1319 811 ζημίαις,
1349 729 1388 788 τύ
1414 724 1450 788 δὲ

196 835 339 916 δρῶντες
362 828 713 914 προκατειλημμένους
736 831 856 904 αύτούς
877 833 944 892 ύπύ
961 838 1027 893 τῶν
1051 831 1280 914 ποιητῶνκαὶ
1303 829 1451 911 πρεσβυ-

144 936 185 997 46
197 939 296 1018 τέραν
310 932 413 993 οὖσαν
425 935 484 1018 τῆν
496 935 630 995 ἐκείνων
647 930 899 995 εἰδωλοποιίαν.
932 933 1048 994 ούκουν
1063 929 1241 1012 ἐβούλοντο
1259 932 1453 1016 φαίνεσθαι
1474 941 1488 988 5

195 1041 268 1109 τοῖς
298 1031 440 1108 πολλοῖς
470 1035 642 1097 ἀπίθανοι
670 1037 726 1097 καί
756 1032 871 1119 ἀηδεῖς
899 1041 1184 1107 καινοποιοῦντες.
1230 1034 1270 1094 τοὶ
1301 1035 1361 1112 μὲν
1393 1023 1451 1094 σύν

197 1133 308 1197 πολλά
331 1141 404 1210 τοῖς
429 1137 558 1215 μύθοις
586 1140 749 1217 ἑπόμενοι
770 1139 826 1199 καί
850 1143 1107 1220 συνηγοροῦντες
1136 1130 1319 1211 ἔπλαττον,
1348 1135 1390 1194 τά
1415 1132 1451 1196 δὲ

195 1240 251 1300 καί
275 1230 359 1321 παρ’
386 1239 495 1299 αὐτῶν
518 1239 712 1324 εἰσέφερον,
740 1241 926 1316 ἀντίτεχνοι
947 1239 1003 1298 καί
1027 1239 1201 1316 ὁμότεχνοι
1224 1240 1351 1320 τρόπον
1375 1237 1451 1297 τινά

194 1343 384 1420 γιγνόμενοι
407 1344 480 1412 τοῖς
500 1347 672 1423 ποιηταῖς,
696 1343 742 1414 ὡς
757 1343 880 1401 ἐκεῖνοι
896 1331 942 1401 δι’
970 1341 1071 1424 ἀκοῆς
1093 1336 1349 1413 ἐπιδεικνύντες,
1374 1339 1449 1399 ἀτε-

192 1447 279 1518 χνῶς
297 1442 353 1502 καί
369 1441 465 1502 αύτοί
478 1434 525 1503 δι’
541 1444 657 1523 όψεως
668 1440 883 1526 ἐξηγούμενοι
903 1442 944 1501 τά
956 1442 1039 1502 θεῖα
1052 1446 1124 1515 τοῖς
1137 1438 1275 1502 πλείοσι
1285 1442 1341 1501 καί
1353 1441 1453 1501 άπει-
1477 1448 1503 1499 lu

195 1546 348 1625 ροτέροις
363 1542 517 1616 θεαταῖς.
556 1547 667 1605 πάντα
685 1541 720 1605 δὲ
737 1551 840 1605 ταῦτα
857 1546 916 1628 τῆν
933 1544 1026 1620 ἰσχύν
1042 1544 1135 1620 ἔσχεν
1151 1543 1221 1603 ἀπὸ
1237 1549 1296 1627 τῆς
1312 1543 1452 1626 πρώτης

197 1645 299 1728 ἀρχῆς
321 1645 463 1728 ἐκείνης,
494 1647 540 1718 ὡς
559 1647 619 1706 ἐπί
644 1653 725 1729 τιμῆ
746 1647 802 1706 καί
822 1648 937 1727 χάριτι
960 1645 1147 1722 ποιούμενα
1175 1651 1236 1704 τοῦ
1261 1640 1449 1723 δαιμονίου.

146 1748 185 1807 47
254 1797 256 1802 .
282 1747 424 1830 καὶμὴν
456 1740 542 1827 [δίχα
565 1740 612 1829 γε]
641 1756 700 1833 τῆς
729 1745 839 1832 ἁπλῆς
860 1747 917 1808 καί
946 1746 1179 1830 πρεσβυτάτης
1209 1747 1340 1820 ἐννοίας
1371 1750 1452 1832 περὶ

195 1848 289 1908 θεῶν
306 1849 362 1908 καί
380 1844 541 1929 ξυγγενῶς
564 1855 668 1909 πᾶσιν
691 1850 894 1933 ἀνθρώποις
910 1849 979 1926 άμα
995 1844 1041 1928 τῴ
1060 1843 1144 1928 λόγῳ
1170 1852 1340 1932 φυομένης
1363 1852 1451 1933 πρός

195 1954 268 2023 τοῖς
290 1951 382 2033 τρισί
408 1952 542 2024 τούτοις
564 1955 742 2034 ἑρμηνεῦσι
756 1952 812 2012 καί
828 1946 1046 2022 διδασκάλοις
1069 1941 1259 2035 [ποιητικῆς
1280 1952 1337 2012 καί
1352 1971 1452 2030 νομο-
1477 1956 1503 2007 15

195 2052 335 2136 θετικῆς
358 2052 415 2112 καὶ
443 2047 690 2138 δημιουργικῆς]
720 2058 879 2137 τέταρτον
909 2053 1031 2135 ἀνάγκη
1063 2046 1289 2133 παραλαβεῖν,
1321 2049 1453 2137 ούδαμῆ

195 2150 353 2236 ῥᾴθυμον
373 2151 449 2215 ούδὲ
473 2155 624 2238 ἀπείρως
645 2157 828 2239 ῆγούμενον
851 2156 937 2233 ἔχειν
959 2156 1045 2242 ὑπὲρ
1071 2154 1195 2230 αὐτῶν,
1224 2150 1306 2234 λέγιο
1332 2151 1367 2214 δέ
1391 2157 1450 2215 τόν

197 2250 391 2338 φιλόσοφον
416 2252 531 2338 ἀνδρα,
556 2249 598 2339 [ἢ]
622 2252 706 2337 λόγῳ
731 2253 890 2341 ἐξηγητῆν
911 2257 967 2318 καί
990 2257 1169 2340 προφήτην
1191 2263 1250 2340 τῆς
1273 2255 1450 2316 ἀθανάτου

200 2357 335 2439 φύσεως
358 2353 592 2440 ἀληθέστατον
617 2355 700 2429 ἴσως
722 2359 777 2418 καί
799 2354 1020 2419 τελειότατον.

146 2455 188 2520 48
284 2459 341 2517 τόν
369 2459 430 2536 μὲν
460 2458 517 2518 οῦν
546 2459 737 2541 νομοθέτην
767 2459 919 2537 ἐάσωμεν
944 2460 985 2519 τά
1009 2467 1065 2520 νῦν
1095 2460 1143 2532 εἴς
1173 2458 1318 2532 εύθύνας
1347 2461 1451 2540 ἀγειν,
1475 2467 1504 2517 Μ

196 2554 301 2641 ἀνδρα
332 2559 498 2642 αὐστηρόν
525 2561 580 2620 καί
609 2561 688 2632 τούς
716 2555 837 2633 ἀλλους
866 2561 965 2621 αύτόν
995 2561 1196 2622 εὐθύνοντα
1228 2556 1300 2620 δόσι
1321 2560 1383 2643 γάρ
1407 2561 1448 2622 ἀν
1464 2573 1529 2623 1207

196 2660 297 2720 αύτδν
321 2662 421 2721 αὐτοῦ
447 2657 632 2744 φείδεσθαι
654 2662 791 2746 καὶτῆς
813 2662 975 2744 ὑμετέρας
998 2659 1167 2740 ἀσχολίας.
1212 2662 1298 2743 ὑπὲρ
1322 2657 1357 2721 δέ
1379 2669 1449 2722 τῶν

197 2758 327 2822 λοιπῶν
350 2764 490 2823 ἑκάστου
521 2765 635 2843 γόνους
666 2765 964 2846 προχειρισάμενοι
987 2765 1044 2824 τόν
1068 2765 1169 2846 ἀκρον
1193 2769 1386 2842 σκοπῶμεν,
1418 2761 1454 2824 εἴ

195 2883 269 2922 τινα
294 2860 461 2947 ὠφέλειαν
488 2865 507 2948 η
528 2865 585 2925 καί
606 2860 733 2946 βλάβην
758 2865 968 2948 φανήσονται
991 2867 1217 2948 πεποιηκότες
1240 2866 1327 2948 πρός
1357 2865 1449 2927 εύσέ-

194 2964 290 3042 βειαν
313 2970 386 3038 τοῖς
415 2967 523 3026 αύτῶν
553 2966 704 3049 έργοιςῆ
730 2961 858 3047 λόγοις,
888 2969 981 3041 ὅπως
1005 2968 1195 3045 τεύχουσιν
1225 2963 1407 3049 ὁμολογίας
1428 2969 1447 3052 ῆ
1472 2976 1501 3027 15

192 3072 253 3124 τοῦ
268 3062 499 3150 διαφέρεσθαι
515 3064 682 3152 ἀλλήλοις,
705 3069 761 3130 καὶ
776 3070 828 3142 τίς
845 3069 954 3130 αύτῶν
978 3066 1157 3145 ξυνέπεται
1181 3065 1227 3148 τη]
1244 3065 1374 3154 ἀληθεῖ
1384 3073 1448 3150 μά-

194 3162 302 3242 λιστα,
320 3175 360 3250 τῆ
373 3171 490 3252 πρώτη
503 3170 559 3230 καί
571 3167 680 3250 ἀδόλῳ
694 3173 806 3253 γνώμη
822 3172 1003 3254 σύμφωνος
1016 3172 1071 3231 ὥν.
1106 3173 1231 3244 πάντες
1244 3165 1447 3256 [τοιγαροῦν]

194 3265 288 3328 οῦτοι
305 3264 514 3350 ξυνᾴδουσιν,
533 3273 648 3355 ῶσπερ
664 3275 738 3346 ἑνός
755 3271 865 3350 ἴχνους
878 3269 1069 3352 λαβόμενοι,
1085 3274 1141 3334 καί
1156 3280 1254 3334 τοῦτο
1273 3269 1447 3355 σῴζοντες,

193 3372 303 3449 οἱμὲν
325 3378 454 3456 σαφῶς,
480 3374 513 3432 οἱ
535 3369 570 3434 δέ
593 3370 805 3459 ἀδηλότερον.
845 3374 882 3434 ού
899 3374 960 3456 γάρ
984 3375 1024 3434 ἀν
1049 3371 1132 3447 ἴσως
1156 3370 1267 3436 δέοιτο
1291 3395 1448 3459 παραμυ-

196 3473 277 3546 θίας
289 3468 344 3554 (a)
355 3481 396 3558 τῇ
412 3470 560 3557 ἀληθείᾳ
575 3472 777 3560 φιλόσοφος,
797 3477 826 3536 εί
837 3469 920 3560 (μὴ)
931 3477 1017 3559 πρός
1031 3477 1202 3559 σύγκρισιν
1213 3478 1330 3558 ἄγοιτο
1345 3497 1445 3563 ποιη-
1468 3486 1497 3537 30

280 3659 295 3708 3
314 3653 463 3727 ἐνέχονται
480 3656 532 3711 ΜΡ
588 3659 642 3726 μὲν
659 3674 708 3727 pro
727 3657 756 3714 δὲ
774 3657 795 3710 Ρ
865 3661 880 3710 4
899 3659 1055 3728 φαίνεσθαι
1073 3659 1126 3712 ΒΜ
1144 3674 1195 3714 om.
1215 3660 1241 3715 U
1258 3656 1331 3717 είναι
1349 3661 1396 3716 ΡΥ

192 3742 350 3796 barallam
368 3741 548 3797 πιθανοῖσΜ
619 3739 686 3800 lab
706 3743 736 3799 δὲ
754 3743 775 3796 Ρ
794 3736 837 3798 ὥσ
855 3741 884 3798 δὲ
902 3743 985 3796 ceteri
1056 3748 1087 3798 10
1104 3747 1153 3800 καί
1170 3761 1222 3800 am.
1241 3745 1270 3798 M
1288 3761 1321 3798 m.
1341 3761 1382 3814 pr.

192 3819 293 3894 ἴψεωσ
310 3828 358 3881 καί
375 3821 558 3897 ἐξηγούμενοι
575 3827 645 3892 libri,
663 3833 770 3896 praeter
789 3827 817 3880 M
871 3822 1097 3901 ἀπειροτέρανᾞ
1162 3835 1190 3884 11
1210 3825 1348 3901 θεάτροις
1365 3831 1396 3885 Μ

102 3914 105 3919 ’
192 3912 222 3961 13
242 3911 316 3979 [δίχα
332 3915 374 3976 γε]
393 3911 491 3965 seclusi
545 3915 576 3964 14
594 3911 737 3982 φυομένην
755 3912 784 3964 Μ
839 3916 869 3965 15
888 3916 1285 3986 ποιητικῆς-δημιουργικῆς
1297 3916 1396 3970 seclusi

191 3998 223 4047 16
245 3997 295 4050 καί
316 3999 476 4079 δημιουργῷ
499 3995 528 4048 Μ
616 4000 646 4050 18
671 3991 689 4066 ἢ
711 3992 807 4067 λόγων
831 3996 905 4063 libri,
934 3993 1011 4071 λόγῳ
1029 3997 1112 4062 ven„
1134 3993 1154 4069 η”
1177 3998 1291 4065 seclusi,
1315 3993 1333 4069 ἢ
1357 3990 1449 4071 λόγον

190 4078 252 4132 Wil.
341 4084 372 4133 20
392 4081 444 4137 σύν
462 4095 513 4134 om.
533 4079 562 4132 M
650 4085 681 4134 22
701 4074 791 4137 αύτὸν
808 4075 898 4137 αὐτοῦ
915 4081 1010 4148 ΠΒΜ,
1035 4076 1125 4139 αὑτοῦ
1143 4098 1193 4137 om.
1214 4082 1260 4136 PY
1345 4079 1448 4155 ἢμετέ-

191 4164 286 4231 ρασΡ
357 4169 390 4219 24
408 4156 583 4237 ω’φέλιιίνΜ
634 4161 652 4235 γ’γ’
669 4169 717 4221 καὶ
736 4165 807 4232 Wil,
826 4185 857 4222 τε
875 4169 923 4221 καί
941 4166 1004 4220 libri
1063 4164 1227 4240 βλάβεινῦ
1297 4172 1330 4222 26
1348 4165 1447 4239 ξυνέμ·

189 4249 316 4304 κεταιΜ
403 4254 434 4303 11
461 4246 651 4320 σύμφυνοσΡ
746 4253 902 4321 τοιγαροῦν
921 4266 972 4304 om.
992 4250 1021 4303 Μ
1040 4268 1075 4305 m.
1095 4269 1135 4320 pr.
1154 4257 1241 4321 recta3
1259 4252 1311 4307 Dio
1331 4255 1449 4309 sortasse

190 4333 338 4400 scripserat
354 4325 422 4405 (ἧς)
440 4326 547 4400 πάντες
570 4325 650 4391 οὗτοι
674 4331 866 4406 στοχάζονται
888 4335 929 4389 vel
951 4336 1038 4390 simile
1061 4337 1125 4406 quid
1200 4342 1232 4392 29
1255 4342 1319 4392 ante
1338 4333 1372 4395 ού
1389 4333 1449 4410 γὰρ

189 4416 354 4483 exciderunt,
373 4420 471 4488 quibus
491 4420 669 4488 philosophus
688 4419 805 4473 breviter
823 4419 996 4476 laudabatur.
1086 4417 1154 4478 3οὸ
1175 4421 1235 4476 add.
1255 4421 1356 4478 Reislra

187 4496 225 4570 μὴ
246 4501 336 4554 audiui
