3068 5160
555 336 843 394 PROLEGOMENA.
1260 333 1327 388 XIX

66 528 139 573 cum
163 508 219 572 illo
242 509 351 574 statim
365 510 513 577 intellexi
529 509 615 594 quod
630 509 830 575 Rhodiaoam
845 508 915 572 sine
929 507 1049 573 lacuna
1063 509 1204 574 exhibet.
1237 507 1327 573 Idem

65 611 132 674 iam
148 609 259 694 Sonny
283 609 374 693 dixit,
398 631 535 695 quocum
558 631 609 678 me
632 613 812 679 consentire
834 611 972 694 gaudeo.
1008 611 1178 677 Lectiones
1192 610 1327 695 praebet

66 710 109 774 ad
132 730 229 775 unam
253 731 372 794 omnes,
397 723 480 797 quae
504 712 650 777 codicum
665 713 723 779 UB
746 733 930 779 communes
952 720 1042 796 sunt;
1064 714 1099 777 in
1121 713 1236 778 ueteris
1255 732 1326 777 cum

65 812 296 896 Bplerumque
317 814 405 897 facit,
429 833 567 899 quocum
584 814 671 880 baud
687 836 794 900 pauca
808 816 890 880 vitia
906 821 1016 880 contra
1031 814 1222 880 Urbinatem
1243 834 1324 879 com-

66 914 178 979 munia
207 913 315 980 babet.
359 916 598 998 Nonnunquam
622 936 661 981 ea
684 936 812 1000 quoque
834 915 1001 982 Urbinatis
1023 916 1119 998 vitia,
1151 935 1235 998 quae
1258 936 1278 980 a
1300 915 1327 980 B

66 1016 180 1082 abesse
204 1016 355 1099 diximus,
379 1019 413 1082 in
435 1018 463 1082 E
486 1024 624 1082 exstant.
658 1019 710 1083 Ita
732 1039 777 1083 or.
799 1019 845 1083 IV
863 1024 912 1100 17,
934 1025 945 1082 l
971 1017 1069 1083 babet
1091 1021 1156 1106 ἔφη
1173 1016 1255 1081 illud
1269 1038 1327 1101 pro

66 1120 178 1196 εἶπεν,
208 1119 272 1184 nisi
299 1118 381 1183 forte
403 1119 439 1182 in
461 1118 634 1184 collatione
656 1121 772 1184 erravi.
816 1120 885 1184 Hoc
907 1125 1016 1184 tamen
1037 1138 1102 1183 non
1125 1116 1257 1182 difficile
1279 1125 1328 1184 est

66 1220 240 1303 explicare.
284 1221 369 1285 Nam
395 1225 460 1307 ἔφη
485 1219 567 1284 illud
589 1222 722 1286 nonita
745 1227 965 1304 comparatum
987 1225 1050 1297 est,
1080 1225 1115 1283 ut
1136 1218 1327 1284 incredibile

65 1322 106 1387 sit
129 1341 150 1387 a
172 1322 390 1406 compluribus
410 1321 552 1387 librariis
573 1323 703 1406 proprio
718 1323 821 1387 Marte
840 1320 986 1387 additum
1001 1341 1081 1386 esse.
1104 1320 1214 1386 Potest
1229 1321 1327 1386 etiam

64 1424 99 1488 in
122 1425 282 1489 communi
304 1424 449 1490 codicum
465 1423 492 1487 B
508 1429 540 1488 et
556 1421 584 1488 Ε
600 1423 776 1508 archetypo
791 1443 812 1488 a
827 1443 924 1488 manu
939 1423 1116 1488 recentiore
1131 1422 1166 1486 in
1181 1423 1327 1505 margine

64 1526 118 1590 vel
145 1545 244 1610 supra
272 1525 392 1591 lineam
421 1523 566 1590 additum
595 1525 769 1590 exstitisse.
813 1524 922 1590 Etiam
951 1544 996 1588 or.
1018 1522 1064 1588 IV
1095 1528 1145 1604 31,
1169 1527 1203 1607 2,
1231 1544 1326 1608 quem
1355 1551 1359 1557 ·

64 1628 170 1692 locum
196 1647 294 1710 supra
315 1628 539 1710 tractavimus,
568 1627 596 1691 E
618 1626 716 1693 habet
738 1627 906 1693 Urbinatis
927 1625 1224 1710 interpolationem:
1247 1631 1326 1703 τοὺς

65 1728 101 1791 dt
131 1739 199 1815 τῆς.
244 1726 360 1812 Itaque
389 1729 442 1794 hio
472 1748 600 1813 quoque
625 1734 704 1806 τοὺς
727 1729 762 1793 dt
786 1730 821 1794 in
842 1729 988 1811 margine
1010 1728 1063 1792 vel
1086 1747 1185 1811 supra
1205 1728 1326 1793 lineam

63 1827 209 1894 additum
230 1827 330 1894 fuisse
355 1829 555 1896 crediderim.
611 1829 701 1896 Idem
730 1829 902 1897 dicendum
924 1836 973 1896 est
996 1828 1036 1894 de
1059 1849 1104 1894 or.
1127 1831 1247 1912 158,5
1271 1827 1327 1896 ubi

64 1937 140 1996 ante
163 1935 262 1994 ἄκουε
286 1931 324 2019 δὴ
348 1931 376 1994 Ε
399 1951 471 1997 cum
493 1933 523 1999 U
546 1933 652 1999 addit:
682 1933 815 2020 διόπερ.
859 1932 944 1998 Nam
967 1951 1039 1997 curn
1060 1931 1145 1997 inter
1167 1929 1248 1997 duas
1271 1951 1326 1997 ex-

62 2031 207 2116 plicandi
229 2032 371 2098 rationes
394 2035 481 2117 optio
504 2034 596 2100 nobis
619 2034 697 2100 data
719 2035 769 2116 sit,
794 2041 830 2100 ut
851 2040 908 2099 aut
930 2033 1114 2098 Parisinum
1129 2032 1156 2096 B
1174 2052 1215 2098 ex
1231 2033 1326 2100 Urbi-

62 2139 139 2199 nate
163 2132 344 2199 derivatum
365 2135 425 2200 has
447 2136 712 2220 interpolationes
733 2137 884 2202 reiecisse
905 2140 1053 2219 putemus
1077 2170 1118 2179 —
1140 2154 1237 2218 quam
1254 2153 1325 2200 sen-

61 2237 197 2302 tentiam
226 2235 374 2302 refellere
408 2257 507 2322 supra
535 2237 643 2302 conati
671 2257 781 2303 sumus
802 2275 843 2282 —
866 2243 923 2301 aut
944 2235 1198 2300 Laurentianum
1219 2235 1246 2300 E
1270 2256 1326 2303 eas

65 2339 170 2403 textui
191 2339 340 2404 intulisse
362 2357 403 2403 ex
426 2338 571 2420 margine
594 2337 770 2422 credamus,
793 2339 875 2404 baec
896 2339 996 2402 multo
1016 2335 1214 2420 probabilior
1229 2357 1326 2422 quam

65 2439 125 2503 illa
152 2439 232 2504 mibi
259 2439 397 2504 videtur.
448 2439 533 2504 Nam
562 2445 758 2506 correcturas
788 2440 854 2505 iam
881 2440 916 2504 in
944 2438 1120 2522 archetypo
1149 2438 1270 2504 codicis
1297 2440 1325 2504 E

66 2541 231 2606 exstitisse
253 2539 329 2604 inde
351 2541 519 2624 probabile
542 2542 660 2625 existit,
684 2540 770 2626 quod
792 2542 909 2606 multas
931 2542 1001 2624 ipsc
1023 2539 1121 2605 habet
1139 2542 1247 2607 varias
1261 2542 1325 2607 lec-

65 2643 169 2708 tiones
192 2662 213 2707 a
234 2642 338 2726 prima
360 2663 458 2707 manu
480 2645 725 2728 superscriptas.
763 2642 883 2708 Contra
900 2643 928 2708 si
944 2641 1090 2707 codicum
1105 2641 1160 2706 BE
1176 2662 1248 2708 cum
1263 2643 1326 2709 VM

66 2745 100 2808 in
122 2744 215 2810 bonis
237 2743 405 2828 permultis
427 2745 619 2810 lectionibus
642 2764 831 2810 consensum
853 2745 930 2810 inde
945 2746 1109 2829 explicare
1125 2764 1323 2828 conaremur,

67 2844 155 2928 quod
176 2845 371 2929 archetypus
393 2846 447 2910 ΒΕ
464 2866 504 2911 ex
521 2846 677 2912 Urbinate
693 2846 866 2928 derivatus,
890 2865 931 2911 ex
947 2846 1105 2911 Vaticano
1120 2845 1149 2909 V
1165 2853 1326 2913 correctus

65 2948 189 3030 fuisset,
211 2948 247 3012 in
269 2947 444 3031 archetypo
466 2949 523 3013 illo
545 2949 699 3014 lectiones
717 2947 870 3012 Vaticani
892 2967 956 3012 non
978 2949 1043 3012 iam
1066 2947 1205 3030 margini
1227 2946 1326 3013 adno-

65 3055 155 3114 tatae
177 3048 235 3114 sed
256 3049 291 3114 in
313 3050 383 3133 ipso
403 3057 554 3116 contextu
570 3052 733 3116 exstitisse
747 3049 914 3134 putandae
930 3056 1046 3116 essent.
1080 3050 1172 3116 Alias
1186 3051 1327 3141 intelligi

65 3171 132 3216 non
153 3157 271 3236 posset,
296 3152 453 3235 quomodo
476 3152 613 3234 accidat,
636 3159 671 3217 ut
693 3159 760 3218 tam
782 3172 855 3218 raro
877 3153 905 3216 ll
927 3173 999 3218 cum
1015 3153 1046 3218 U
1060 3158 1172 3218 contra
1186 3153 1222 3235 B,
1245 3172 1325 3216 nun-

65 3273 164 3338 quam
193 3259 348 3338 qnantum
378 3253 523 3319 videoB
552 3254 677 3320 oumU
706 3260 818 3320 contra
840 3255 868 3319 Ε
890 3256 925 3319 in
947 3255 1036 3320 vitiis
1059 3254 1230 3338 conspiret.
1274 3255 1325 3319 Ex

65 3356 254 3422 correcturis
277 3357 363 3420 enim
392 3356 532 3438 margini
562 3355 734 3440 adscriptis
762 3357 830 3421 alia
860 3355 960 3421 alium
986 3356 1091 3420 textui
1118 3356 1237 3422 inferre
1264 3375 1325 3422 usu

64 3457 164 3522 venit.
203 3455 323 3535 Quodsi
347 3459 532 3523 innumeras
553 3457 627 3523 illas
642 3457 838 3523 VatioaniV
859 3458 1015 3523 lectiones
1037 3457 1157 3540 inipso
1173 3463 1325 3523 contextu

66 3557 262 3643 archetypus
291 3560 346 3624 ΒΕ
374 3558 549 3644 prodebat,
583 3560 681 3625 etiarn
713 3559 835 3647 διόπερ
865 3557 946 3624 illud
976 3564 1007 3623 et
1037 3563 1116 3635 τοὺς
1146 3558 1180 3622 δὲ
1204 3564 1236 3623 et
1258 3563 1323 3646 ἔφη

66 3659 191 3726 deletas
212 3659 311 3726 fuisse
334 3666 585 3727 consentaneum
608 3667 665 3727 est.
699 3661 785 3743 Ergo
807 3665 843 3726 ut
866 3661 1093 3745 explicaretur,
1117 3658 1275 3744 quomodo
1290 3661 1326 3725 in

65 3763 322 3829 Laurentianum
342 3763 369 3827 ll
391 3764 527 3830 voculae
549 3765 627 3830 illae
648 3763 862 3849 pervenerint,
890 3762 1017 3828 deletae
1039 3763 1185 3847 primum,
1212 3767 1326 3846 postea

64 3885 176 3932 rursus
203 3866 344 3932 insertae
373 3885 444 3931 esse
472 3865 666 3932 viderentur.
711 3863 805 3942 Quod
834 3870 1031 3949 quantopere
1060 3883 1081 3930 a
1107 3863 1248 3949 simplici
1270 3883 1324 3929 ex-

63 3966 210 4050 plicandi
232 3967 357 4032 ratione
379 3965 551 4032 abhorreat
573 3985 701 4031 monere
723 3966 780 4031 vix
803 3986 884 4051 opus
906 3972 964 4032 est.

149 4069 209 4134 Est
236 4068 336 4152 igitur
364 4069 603 4134 Laurentianus
625 4069 652 4132 E
681 4068 781 4134 frater
809 4069 951 4135 Parisini
977 4068 1019 4151 B,
1049 4067 1107 4134 sed
1139 4067 1196 4132 illo
1224 4067 1325 4134 multo

64 4171 259 4254 corruptior,
288 4177 324 4237 ut
354 4191 426 4238 oum
455 4171 592 4236 alterum
620 4177 726 4236 utrum
756 4170 1019 4238 adbiberesatis
1047 4175 1133 4237 esset
1158 4171 1325 4238 Parisinus

62 4271 160 4339 fuerit
176 4272 356 4356 eligendus.
387 4273 472 4338 Nam
486 4273 725 4339 Laurentianus
740 4273 767 4336 E
783 4273 1008 4339 audacissimis
1023 4272 1324 4358 interpolationibus

62 4374 97 4439 in
120 4375 227 4459 prima
247 4374 390 4441 maxime
412 4375 556 4440 oratione
577 4374 714 4458 laborat,
738 4375 779 4441 ab
802 4375 931 4440 homine
945 4373 1098 4440 videlicet
1112 4377 1250 4460 scriptus
1268 4377 1324 4460 qui

63 4476 175 4558 graeci
191 4476 346 4542 sermonis
361 4477 484 4561 peritus
499 4477 692 4544 sententiam
707 4477 812 4560 magis
824 4495 922 4561 quam
933 4476 1063 4559 singula
1073 4477 1173 4545 verba
1188 4487 1323 4545 curaret.

1081 4578 1119 4634 b*
