3068 5160
581 351 585 360 ’
613 331 750 387 ORATIO
768 332 843 386 XllI.
1299 336 1360 394 183

10 509 266 575 223Μ1άπάντων
289 514 355 568 τῶν
377 510 536 593 ῥημάτων
551 503 636 591 μηδὲ
652 504 731 591 όλης
747 516 805 593 τῆς
822 505 985 585 διανοίας,
1010 504 1094 569 ἀλλά
1112 506 1215 571 πλέον
1230 512 1249 595 ή
1267 508 1362 573 ἔλατ-

105 629 164 670 τον
193 607 280 671 εἴπω
310 630 360 686 τι,
393 613 587 695 συγγνώμην
613 613 715 689 ἔχειν,
744 607 830 694 μηδὲ
853 611 907 670 ότι
928 616 1033 670 ταῦτα
1058 606 1141 693 λέγω
1166 613 1186 672 ἀ
1209 615 1363 693 τυγχάνει

106 709 249 786 πολλοῖς
271 712 361 772 ἔτεσι
384 714 550 795 πρότερον
574 713 753 797 εἰρημένα,
777 708 834 772 διά
857 718 956 771 τοῦτο
979 711 1079 796 ήττον
1101 718 1281 796 προσέχειν
1304 717 1362 776 τόν

105 821 191 875 νοῦν.
238 813 321 888 ἴσως
343 813 404 897 γάρ
428 815 484 890 ἀν,
514 814 616 898 ἔφην,
647 815 754 887 οὕτως
775 809 923 892 μάλιστα
947 809 1192 898 ὠφεληθείητε.
1240 817 1361 901 οὐγὰρ

67 928 81 976 5
106 913 144 999 δή
168 936 204 996 γε
228 917 316 989 εἰκός
339 917 413 976 ἐστι
435 917 514 989 τοὺς
536 913 706 989 παλαιούς
731 910 848 995 λόγους
871 916 987 998 ὥσπερ
1019 917 1179 999 φάρμακα
1203 914 1361 979 διαπνεό-

106 1036 230 1090 σαντας
254 1014 507 1079 ἀπολωλεκέναι
529 1019 588 1102 τήν
612 1015 761 1096 δύναμιν.

189 1122 315 1193 ἐκεῖνος
337 1120 399 1203 γάρ
416 1110 517 1180 ὁπότ’
544 1116 614 1180 ἴδοι
630 1115 791 1192 πλείονας
807 1118 1015 1202 ἀνθρώπους
1031 1121 1065 1180 ἐν
1081 1117 1128 1200 τῴ
1145 1116 1245 1201 αὐτῷ,
1270 1136 1361 1198 σχετ-
1375 1127 1413 1186 16

105 1217 227 1297 λιάζων
256 1223 312 1283 καί
340 1224 508 1301 ἐπιτιμῶν
542 1222 624 1301 ἐβόα
651 1223 739 1282 πάνυ
770 1216 933 1303 ἀνδρείως
960 1240 995 1280 τε
1024 1220 1080 1280 καί
1109 1218 1362 1299 ἀνυποστόλως,

103 1326 179 1385 Ποῖ
191 1324 350 1408 φέρεσθε,
368 1323 568 1407 ὤνθρωποι,
591 1323 647 1384 καί
663 1324 812 1403 ἀγνοεῖτε
834 1318 938 1406 μηδὲν
954 1329 1020 1383 τῶν
1038 1319 1181 1383 δεόντων
1197 1325 1363 1407 πράττον·

54 1439 82 1488 10
104 1447 174 1502 τες,
201 1427 381 1509 χρημάτων
409 1427 470 1503 μὲν
499 1421 761 1503 ἐπιμελούμενοι
789 1425 845 1484 καί
867 1418 1065 1507 πορίζοντες
1088 1427 1200 1485 πάντα
1223 1429 1362 1509 τρόπον,

105 1532 199 1601 ὅπως
235 1527 333 1587 αάτοί
367 1546 402 1587 τε
432 1526 574 1610 ἄφθονα
598 1521 687 1601 έξετε
714 1526 771 1586 καί
798 1530 871 1599 τοῖς
901 1528 1022 1588 παισίν
1046 1527 1097 1588 ἔτι
1120 1523 1228 1588 πλείω
1252 1546 1363 1611 παρα-

105 1631 246 1708 δώσετε,
276 1630 384 1691 αὐτῶν
415 1624 451 1688 δὲ
478 1634 545 1688 τῶν
574 1624 708 1689 παίδων
734 1629 790 1688 καί
813 1630 979 1712 πρότερον
1001 1630 1093 1707 ὑμῶν
1116 1636 1182 1691 τῶν
1205 1635 1363 1714 πατέρων

103 1731 288 1818 ἠμελήκατε
312 1732 438 1811 ὁμοίως
461 1732 620 1805 ἀπαντες,
645 1726 804 1808 οὐδεμίαν
828 1732 980 1813 εὑρόντες
997 1731 1073 1793 οάτε
1089 1728 1270 1792 παίδευσιν
1287 1732 1363 1794 οότε

103 1838 245 1919 ἀσκησιν
271 1835 384 1918 ἱκανήν
407 1829 484 1893 οὐδὲ
508 1827 682 1915 ὠφέλιμον
705 1831 918 1915 ἀνθρώποις,
941 1833 981 1915 ήν
998 1828 1244 1907 παιδευθέντες
1267 1831 1363 1917 δυνή-

52 1947 79 1998 15
103 1938 209 1998 σεσθε
238 1941 311 2010 τοῖς
337 1936 487 2018 χρήμασι
513 1933 667 2017 χρῆσθαι
696 1934 812 2016 ὀρθῶς
833 1935 890 1995 καί
913 1931 1068 2010 δικαίως,
1099 1930 1184 1994 ἀλλά
1212 1937 1256 2020 μή
1281 1933 1361 2015 βλα-

103 2040 210 2122 βερῶς
232 2039 288 2099 καί
311 2033 451 2111 ἀδίκως,
474 2036 531 2096 καί
552 2035 630 2113 ὑμῖν
654 2035 769 2108 αὐτοῖς
792 2027 1019 2117 [ἐπιζημίως],
1044 2034 1063 2094 δ
1093 2033 1361 2120 σπουδαιότερον

103 2130 289 2224 [ήγεῖσθαι]
319 2144 385 2198 τῶν
411 2138 608 2221 χρημάτων,
637 2137 694 2196 καί
715 2137 803 2208 υἱοῖς
824 2137 881 2196 καί
909 2137 1104 2221 θυγατράσι
1138 2139 1195 2199 καί
1229 2135 1360 2219 γυναιξὶ

102 2243 158 2301 καί
174 2237 337 2324 ἀδελφοῖς
360 2241 416 2300 καί
439 2234 563 2322 φίλοις,
586 2238 735 2298 κάκεῖνοι
756 2239 844 2316 ὑμῖν.
948 2229 1024 2298 ἀλλ’
1049 2235 1071 2322 ή
1092 2235 1282 2323 κιθαρίζειν
1303 2243 1411 2306 καί17

105 2339 264 2403 παλαίειν
293 2343 349 2402 καί
381 2343 560 2424 γράμματα
589 2340 823 2418 μανθάνοντες
851 2341 919 2401 ὑπὸ
949 2347 1015 2402 τῶν
1042 2345 1167 2422 γονέων
1195 2343 1251 2403 καί
1281 2344 1360 2417 τούς

51 2455 79 2504 10
102 2446 196 2518 υἱούς
220 2441 435 2516 διδάσκοντες
459 2441 579 2503 οἴεσθε
604 2445 880 2525 σωφρονέστερον
902 2443 959 2504 καί
981 2443 1119 2522 ἀμεινον
1137 2444 1284 2528 οἰκήσειν
1300 2447 1360 2530 τήν

104 2543 220 2620 πόλιν,·
241 2546 354 2606 καίτοι
376 2543 482 2618 εἴτις
506 2543 700 2624 συναγαγὼν
722 2545 801 2617 τούς
823 2563 860 2604 τε
881 2544 1088 2627 κιθαριστάς
1106 2548 1255 2621 καὶτοὺς
1279 2567 1360 2609 παι-

103 2647 262 2731 δοτρίβας
283 2649 339 2709 καί
361 2648 439 2720 τοδς
461 2645 718 2730 γραμματιστὰς
740 2646 819 2718 τοδς
834 2646 957 2728 ἀριστα
973 2647 1221 2726 ἐπισταμένους
1237 2652 1360 2710 έκαστα

101 2753 229 2811 τούτων
253 2747 353 2811 πόλιν
376 2750 598 2810 κατοικίσειεν
622 2745 658 2823 ἐξ
681 2747 790 2808 αὐτῶν
812 2747 832 2831 ή
855 2748 912 2808 καί
933 2747 1053 2824 ἔθνος,
1082 2749 1242 2834 καθάπερ
1265 2753 1361 2830 ὑμεῖς

103 2873 186 2914 ποτε
209 2855 268 2937 τήν
287 2844 426 2926 Ἰωνίαν,
449 2853 535 2912 ποία
558 2872 610 2925 τις
633 2851 673 2911 ἀν
696 2851 774 2928 ὑμῖν
798 2845 894 2910 δοκεῖ
910 2850 1074 2930 γενέσθαι
1089 2848 1192 2925 πόλις
1206 2855 1263 2914 καὶ
1284 2855 1360 2915 τίνα

49 2967 77 3016 25
102 2956 276 3016 οἰκεῖσθαι
298 2957 444 3038 τρόπον,·
475 2953 512 3013 οά
542 2949 629 3013 πολι)
658 2954 774 3013 κάκιον
801 2953 858 3013 καί
887 2949 1020 3030 αἴσχιον
1049 2959 1109 3037 τῆς
1131 2955 1166 3014 ἑν
1188 2952 1358 3037 Αἰγύπτῳ

100 3053 261 3139 καπήλων
284 3051 433 3130 πόλεως,
461 3056 547 3114 ὅπου
572 3055 697 3126 πάντες
718 3049 868 3136 κάπηλοι
889 3061 1119 3133 κατοικοῦσιν,
1150 3057 1277 3135 ὁμοίως
1299 3060 1360 3138 μὲν

101 3154 235 3240 ἀνδρες,
272 3158 398 3235 ὁμοίιος
435 3152 470 3216 δὲ
506 3159 675 3236 γυναῖκες,
716 3155 753 3214 οὐ
793 3151 880 3215 πολι)
914 3152 1124 3241 γελοιότερον
1165 3160 1359 3244 οἰκήσουσιν

102 3257 206 3334 οὗτοι,
231 3260 288 3332 οὓς
313 3255 395 3339 λέγω
419 3259 498 3330 τοὺς
520 3263 587 3318 τῶν
609 3257 778 3339 ὑμετέρων
801 3252 935 3317 παίδων
959 3255 1193 3338 διδασκάλους,
1221 3264 1256 3323 οἱ
1278 3282 1356 3325 παι-

102 3358 258 3444 δοτρίβαι
279 3362 336 3422 καὶ
356 3359 560 3442 κιθαρισταί
579 3359 636 3420 καὶ
656 3358 919 3442 γραμματισταί,
946 3357 1200 3443 προσλαβόντες
1222 3367 1301 3438 τούς
1323 3386 1359 3426 τε

10 3485 37 3537 ιι)
51 3481 78 3530 30
101 3460 286 3547 ῥαψῳδοὺς
314 3463 371 3523 καί
399 3463 478 3534 τοὺς
506 3457 700 3544 ὑποκριτάς.
744 3460 802 3520 καί
830 3460 892 3543 γάρ
917 3457 955 3545 δή
979 3464 1043 3523 δσα
1065 3462 1302 3542 μανθάνουσιν
1326 3468 1408 3530 οί18

188 3649 246 3705 1εἰ
261 3663 312 3716 pro
330 3641 384 3717 ήΰ
446 3645 631 3702 3τονοῦνΡ
700 3634 852 3702 ἰοδτωΒ
906 3642 1079 3719 ἀφάρμακα
1098 3645 1206 3707 παλαιά
1225 3650 1307 3707 UBM

100 3732 298 3807 ἀδύναμηνΡ
368 3730 473 3787 ’ίείδοι
490 3729 521 3783 Μ
601 3735 688 3786 9νιοῖ
705 3729 830 3802 φέρεσθε
850 3745 902 3786 om.
920 3731 967 3787 PY
1044 3733 1186 3806 φέρεσθαι
1205 3735 1235 3790 Μ
1305 3734 1357 3795 ἀν-

99 3827 215 3891 θρωποι
234 3813 366 3890 ἀγνοεῖτε
383 3820 445 3881 (om.
464 3818 522 3882 καί)
540 3814 588 3868 ΡΥ
658 3809 739 3872 οὐδὲν
759 3831 809 3884 pro
827 3816 913 3888 μηδὲν
931 3815 1048 3887 Olitoph.
1067 3821 1141 3875 407b
1227 3825 1256 3874 ll
1276 3815 1357 3893 ἔχετε

99 3905 180 3960 UBM
198 3900 279 3976 ἔχητε
291 3902 347 3967 ΡΥ,
365 3916 435 3956 corr.
450 3899 559 3955 Geelius
613 3903 644 3955 12
663 3893 758 3958 αὐτῶν
775 3921 807 3958 τε
822 3900 870 3955 ΡΥ
924 3907 956 3957 14
975 3898 1149 3975 ἀφίλιμονΡ
1202 3903 1357 3977 δυνήσεσθε

101 3990 206 4058 scripsi,
225 3980 394 4060 δυνήσονται
411 3985 475 4040 libri
537 3989 566 4039 15
585 3989 741 4060 βλαβεροῖσ
758 4007 791 4044 τε
807 3991 857 4044 καί
873 3988 900 4044 U
959 3993 990 4044 16
1007 3987 1162 4062 ἐπιζημίως
1179 3994 1207 4044 et
1224 3985 1357 4062 ἡγεῖσθαι

101 4074 200 4128 seclusi
225 4068 388 4145 ἢγεῖσθεΒ
496 4075 525 4123 11
554 4067 711 4142 χρημάτων
732 4070 819 4146 ἐχρῆν
840 4072 888 4127 ΡΥ
996 4084 1061 4132 τοῑσ
1088 4074 1163 4132 υίοῖσ
1186 4075 1263 4141 libri,
1286 4091 1356 4132 corr.

102 4158 200 4214 Reiske
272 4162 303 4212 18
321 4152 473 4221 κάκείνους
489 4149 556 4224 ὑμῖν
572 4155 620 4210 ΡΥ
706 4150 770 4214 ἀλλ’
789 4148 807 4229 ή
824 4163 882 4215 xcii.
899 4158 1010 4224 θεουδε,
1029 4152 1101 4218 ἀλλά
1121 4159 1149 4217 οἳ
1166 4166 1225 4217 mii.
1244 4160 1307 4216 libri

103 4248 134 4296 20
152 4241 316 4310 διίάξαντεσ
333 4241 415 4298 UBM
485 4239 598 4312 οἰκῆσαι
615 4241 644 4296 in
663 4237 789 4313 οἰκήσειν
806 4248 872 4298 mut.
891 4244 917 4299 U
934 4259 969 4299 m.
989 4260 1029 4313 pr.
1108 4248 1140 4299 23
1157 4241 1356 4317 καταστήσειεν

101 4327 155 4382 ΒΜ
166 4320 385 4399 κατοικήσεινῦ
437 4329 470 4380 24
488 4327 578 4383 ποίαν
595 4322 935 4385 τισάνΡποίαντιναΥ
991 4331 1062 4400 δοκῆ
1072 4329 1121 4384 ΡΥ
1178 4328 1264 4387 πόλιν
1275 4330 1323 4385 ΡΥ

102 4417 134 4465 25
154 4413 321 4469 οἰκίσθαιΡ
394 4421 513 4468 κακεῖον
529 4411 560 4466 Μ
630 4412 813 4470 21δὲκαίΡ
869 4417 902 4468 28
919 4413 1037 4467 fortasse
1059 4407 1108 4480 οὓς
1126 4414 1223 4488 λέγετε
1240 4420 1299 4473 τῶν

101 4493 172 4555 τοὺσ
189 4493 346 4572 δμετέρουσ
362 4500 411 4554 καί
429 4501 488 4553 τῶν
506 4497 618 4553 παίδων
636 4496 715 4552 UBM
784 4499 989 4556 διδασκάλλουο
1007 4497 1029 4552 Ρ
1100 4503 1133 4554 29
1151 4495 1355 4575 δποκρητάσΡ
