3068 5160
226 299 245 353 4
682 290 805 346 DIONIS
823 290 875 344 DE
893 289 1019 346 REGNO

177 467 285 544 18τος
309 469 437 544 ίππων,
461 464 606 529 πλεῖστα
633 463 669 527 δέ
699 457 764 550 ἀφ’
796 465 914 527 ίππων
938 461 1193 550 ώφελουμένου;
1222 465 1297 525 τίνα
1328 459 1363 523 δέ
1395 463 1491 538 είκδς

227 572 334 643 οὕτως
356 568 445 630 εἶναι
468 564 719 653 φιλάνθρωπον
741 568 760 652 ἢ
783 569 878 641 ὅστις
893 563 1063 628 πλείστων
1077 569 1139 646 μέν
1154 566 1351 648 ἀνθρώπων
1367 566 1489 648 ἐγκρα-

225 674 285 757 τής
306 673 390 748 ἐστι,
412 666 561 751 μάλιστα
586 667 621 731 δέ
644 671 712 730 ὑπό
735 669 932 751 ἀνθρώπων
955 663 1185 748 θαυμάζεται,·
1216 664 1325 728 δεινὸν
1347 668 1431 750 γάρ,
1457 669 1490 729 εί

228 775 262 834 οί
284 768 485 858 ἀλλοφύλων
506 772 564 833 καί
586 771 711 855 ἀγρίων
735 773 892 855 ἀρχοντες
914 771 1048 854 θηρίων
1078 771 1291 853 εὐνούστεροι
1319 767 1388 830 εἷεν
1411 775 1490 845 τοῖς

227 877 426 959 ἀρχομένοις
455 881 518 935 τού
543 869 784 954 βασιλεύοντος
812 873 1008 952 ἀνθρώπων
1040 876 1172 956 ἡμέρων
1205 872 1261 932 καί
1290 867 1525 954 ὁμοφύλωνύ

177 973 216 1034 19
228 979 284 1039 καί
305 981 422 1056 μέντοι
442 978 500 1038 καὶ
523 972 664 1060 φιλοῦσι
684 976 741 1037 καὶ
763 976 939 1053 ἀνέχονται
960 970 1109 1053 μάλιστα
1132 975 1270 1035 πάντων
1289 970 1410 1054 ἀγέλαι
1425 976 1490 1053 μέν

226 1083 349 1159 νομεῖς,
374 1079 481 1140 ίπποι
504 1075 539 1139 δέ
561 1080 732 1162 ἡνιόχους·
764 1080 940 1160 κυνηγέται
963 1073 998 1136 δὲ
1024 1076 1092 1137 ὑπὸ
1114 1082 1220 1137 κυνῶν
1248 1071 1490 1160 φυλάσσονται

225 1183 281 1243 καί
304 1182 513 1262 ἀγαπῶνται,
535 1181 592 1240 καί
613 1179 655 1240 τά
672 1174 757 1238 ἀλλα
774 1179 881 1251 οὐτως
896 1174 1013 1260 ἀγαπᾷ
1029 1178 1071 1238 τά
1087 1178 1253 1262 ἀρχόμενα
1269 1178 1349 1250 τούς
1364 1179 1488 1261 ἀρχον-
1503 1191 1523 1242 (5

175 1277 216 1338 10
227 1304 296 1357 τας.
348 1288 424 1356 πῶς
454 1280 511 1342 οὐν
540 1281 629 1353 είκδς
656 1280 698 1340 τά
727 1281 789 1359 μὲν
819 1282 952 1364 ἀφρονα
980 1280 1037 1341 καί
1065 1279 1242 1360 ἀγνώμονα
1272 1277 1402 1342 είδέναι
1430 1284 1491 1343 καὶ

228 1381 340 1470 φιλεῖν
352 1385 431 1457 τούς
445 1379 741 1462 ἐπιμελουμένους,
757 1383 795 1441 τό
813 1377 848 1442 δέ
865 1383 1002 1443 πάντων
1020 1384 1248 1443 συνετώτατον
1263 1383 1319 1443 καί
1333 1379 1488 1462 μάλιστα
1513 1393 1532 1440 11

227 1482 418 1546 ἀποδοῦναι
436 1486 536 1567 χάριν
558 1484 786 1561 ἐπιστάμενον
809 1482 940 1564 ἀγνοεῖν
962 1483 1019 1544 καὶ
1040 1481 1290 1564 ἐπιβουλεύειν,
1312 1480 1399 1544 ἀλλά
1423 1486 1488 1569 γάρ

227 1588 349 1669 ἀνάγκη
373 1588 431 1647 τόν
454 1587 577 1670 ἥμερον
598 1584 655 1645 καὶ
678 1580 928 1668 φιλάνθρωπον
950 1582 1093 1664 βασιλέα
1115 1586 1159 1669 μη
1178 1588 1282 1665 μόνον
1299 1581 1489 1670 φιλεῖσθαι

227 1680 289 1749 ὐπ’
316 1688 528 1772 ἀνθρώπων,
559 1682 644 1746 ἀλλά
674 1687 730 1746 καί
758 1685 916 1769 ἐρᾶσθαι.
961 1678 1057 1746 ταῦτ’
1089 1686 1147 1748 οὐν
1170 1683 1270 1761 είδώς
1295 1689 1352 1750 καί
1381 1691 1489 1773 φύσει

227 1797 381 1864 τοιοῦτος
405 1790 461 1865 ών,
486 1785 584 1849 ἵλεων
606 1788 663 1848 καί
685 1785 797 1872 πρᾷον
821 1791 961 1870 παρέχει
976 1789 1035 1873 την
1057 1790 1168 1874 ψυχὴν
1184 1795 1299 1866 πᾶσιν,
1323 1791 1382 1851 άτε
1399 1792 1487 1852 πάν

176 1885 212 1946 21
228 1913 288 1966 τας
306 1892 490 1975 ηγούμενος
507 1889 622 1963 εὐνους
636 1890 693 1951 καὶ
709 1885 839 1973 φίλους.
947 1891 1004 1952 καὶ
1018 1891 1079 1969 μὲν
1097 1887 1134 1975 δη
1160 1889 1270 1952 οίέται
1294 1887 1363 1951 δεῖν
1380 1888 1489 1954 πλέον
1511 1901 1531 1951 1»

228 1994 313 2072 ἔχειν
337 1989 394 2054 διά
417 1993 477 2078 την
500 1993 602 2077 ἀρχὴν
626 1991 664 2052 οὐ
687 1997 754 2052 τῶν
774 1993 954 2074 χρημάτων
978 1988 1054 2052 οὐδὲ
1078 1999 1144 2053 τῶν
1159 1989 1300 2077 ηδονῶν,
1323 1989 1410 2054 ἀλλά
1427 2003 1488 2081 τῆς

226 2090 425 2173 ἐπιμελείας
446 2094 503 2155 καί
524 2099 591 2154 τῶν
615 2089 823 2178 φροντίδων·
848 2093 1013 2155 ὥστεκαὶ
1035 2089 1226 2178 φιλόπονος
1247 2091 1375 2174 μᾶλλόν
1391 2096 1488 2158 ἐστιν

227 2197 246 2280 η
272 2191 394 2256 πολλοί
415 2201 482 2255 τῶν
505 2190 615 2255 ἀλλων
639 2190 820 2278 φιλήδονοι
841 2196 898 2256 καί
921 2191 1178 2279 φιλοχρήματοι.
1215 2197 1400 2257 ἐπίσταται
1422 2198 1486 2281 γάρ

227 2299 280 2358 ότι
303 2297 340 2356 αἱ
361 2298 421 2375 μὲν
443 2293 563 2381 ηδοναὶ
584 2297 664 2369 τούς
687 2296 740 2357 ἀεί
764 2298 924 2369 συνόντας
947 2299 1048 2358 τότε
1074 2292 1160 2357 ἀλλα
1189 2293 1408 2376 λυμαίνονται
1430 2301 1488 2360 καί

227 2396 309 2472 ταχύ
339 2404 499 2460 ποιούσιν
529 2394 715 2470 ἀδυνάτους
743 2398 831 2479 πρός
860 2398 979 2474 αὐτάς,
1011 2399 1046 2458 οί
1075 2395 1110 2458 δέ
1141 2401 1244 2460 πόνοι
1271 2402 1313 2460 τά
1339 2420 1375 2461 τε
1398 2397 1486 2463 ἀλλα
1509 2410 1530 2461 11

179 2491 402 2580 11ώφελοῶσι
431 2500 488 2560 καί
515 2499 569 2560 ἀεὶ
589 2495 715 2579 μᾶλλον
745 2503 932 2582 παρέχουσι
962 2496 1165 2579 δυναμένους
1192 2506 1319 2562 πονεῖν.
1365 2502 1485 2564 οὐκοῦν

227 2601 317 2679 μόνῳ
343 2595 471 2675 ἔξεστιν
495 2598 584 2682 αὐτῷ
600 2603 680 2674 τούς
694 2602 755 2680 μὲν
773 2603 982 2685 στρατιώτας
999 2604 1253 2685 συστρατιώτας
1268 2609 1484 2686 προσειπεῖν,

227 2702 306 2774 τούς
329 2698 365 2762 δὲ
383 2702 543 2787 συνήθεις
560 2699 691 2787 φίλους,
706 2704 751 2788 μη
767 2699 1000 2785 καταγελῶντα
1016 2710 1078 2764 τού
1091 2704 1257 2783 ὀνόματος
1272 2713 1331 2790 της
1347 2702 1485 2789 φιλίας·

229 2807 359 2887 πατέρα
384 2802 419 2865 δὲ
450 2810 516 2864 τῶν
545 2800 697 2865 πολιτῶν
724 2805 781 2865 καί
809 2811 875 2866 τῶν
898 2805 1090 2888 ἀρχομένων
1120 2805 1157 2865 οὐ
1189 2801 1273 2888 λόγῳ
1296 2803 1487 2892 κεκλῆσθαι

227 2907 341 2982 μόνον,
371 2901 456 2965 ἀλλά
483 2909 556 2978 τοῖς
584 2906 696 2989 ἔργοις
722 2911 821 2965 τούτο
852 2903 1129 2967 ἐπιδείκνυσθαι·
1161 2903 1330 2994 δεσπότης
1361 2905 1397 2970 δέ
1428 2912 1488 2990 οὐχ
1517 2931 1534 2964 κ·

228 3007 324 3078 ὅπως
366 3013 433 3068 τῶν
472 3001 678 3090 ἐλευθέρων,
721 3003 806 3067 ἀλλά
844 3004 928 3091 μηδὲ
962 3013 1029 3068 τῶν
1062 3004 1191 3070 δούλων
1218 3011 1331 3095 χαίρει
1364 3009 1486 3074 καλού-

178 3098 218 3161 23
228 3120 344 3186 μενος·
367 3103 558 3186 βασιλεύειν
587 3108 649 3191 γάρ
674 3108 732 3186 οὐχ
755 3109 859 3169 αὐτού
885 3111 984 3193 χάριν
1008 3107 1117 3171 οἴεται
1143 3108 1269 3190 μᾶλλον
1291 3114 1366 3186 ἑνός
1389 3115 1486 3189 όντος

227 3207 246 3291 ἢ
264 3213 330 3268 τῶν
346 3208 542 3291 ἀνθρώπων
558 3210 728 3272 ἁπάντων.
835 3211 893 3271 καί
906 3211 1019 3272 τοίνυν
1035 3212 1214 3296 εὐεργετῶν
1233 3211 1352 3298 ἥδεται
1374 3212 1485 3277 πλείω

228 3315 295 3370 τῶν
333 3310 631 3394 εὐεργετουμένων,
669 3314 726 3374 καί
758 3315 863 3396 μόνης
895 3315 1019 3397 ταύτης
1052 3315 1125 3375 ἐστὶ
1158 3323 1217 3401 της
1248 3312 1371 3402 ηδονῆς
1408 3319 1485 3378 ἀκό-

230 3424 359 3493 ρεστος.
402 3412 443 3472 τά
473 3413 534 3492 μὲν
562 3413 624 3498 γάρ
654 3410 739 3475 ἀλλα
762 3422 822 3499 τῆς
844 3411 1021 3493 βασιλείας
1043 3416 1207 3497 ἀναγκαῖα
1229 3420 1415 3497 νενόμικεν,
1447 3422 1487 3480 τό
1510 3435 1534 3477 11

179 3504 268 3574 illl
291 3521 350 3598 τῆς
373 3514 563 3598 εὐεργεσίας
584 3519 688 3595 μόνον
712 3518 865 3578 ἑκούσιόν
888 3536 924 3577 τε
946 3518 1002 3579 καί
1030 3514 1200 3597 εὔδαιμον.
1243 3520 1299 3579 καί
1327 3525 1395 3580 τῶν
1423 3522 1486 3598 μὲν

317 3753 434 3820 1ἶίστισ
445 3765 498 3833 μὲν
509 3766 653 3822 πλείστων
664 3766 752 3834 μὲνῦ
822 3765 984 3822 4ο10111,Ρ
1054 3764 1239 3842 ἀρχωντοσΡ
1308 3761 1366 3824 εἶεν
1377 3767 1484 3836 scripsi,

230 3845 284 3902 είσι
296 3846 358 3902 libri
424 3842 603 3920 δῆμετέρων
621 3850 657 3903 W
721 3843 947 3920 ὐάποόέχονται
959 3853 1023 3907 Wil.
1058 3846 1176 3911 πάντων
1188 3852 1282 3908 om.U
1342 3853 1485 3922 Ίνομέων

231 3936 258 3985 et
274 3948 338 3987 mox
354 3923 480 4002 ἡνιόχων
497 3933 546 3987 UB
635 3939 665 3988 111
682 3931 909 4004 ἐπιμελομένουσ
926 3936 987 3992 PW
1084 3943 1114 3993 11
1133 3933 1243 4011 ἀνάγγη
1261 3939 1282 3992 Ρ
1300 3939 1350 4006 (ita
1366 3939 1485 4009 plerum·

231 4020 294 4084 que)
381 4021 413 4070 14
429 4013 499 4073 ίλεω
516 4016 564 4071 VP
660 4024 692 4073 15
710 4019 800 4073 malim
817 4016 954 4093 καὶμὴν,
972 4022 1058 4077 deleto
1076 4019 1108 4096 δὴ
1207 4030 1238 4080 16
1256 4018 1301 4081 όιά
1325 4018 1376 4095 τὴν
1394 4016 1488 4098 ἀρχὴν

231 4115 283 4155 om.
296 4101 317 4154 P
387 4105 420 4154 10
433 4093 525 4156 αὐτάσ
537 4101 598 4155 libri
667 4107 696 4157 11
713 4096 856 4175 ἀφελοῦσι
868 4110 917 4162 καί
929 4100 974 4164 ἀεὶ
987 4108 1087 4162 Reiske
1099 4101 1284 4179 ἀφελοῦντεσ
1294 4102 1340 4166 ἀεί
1356 4108 1418 4165 libri

231 4188 264 4237 22
282 4184 411 4242 εἰπεῖνΡ
499 4189 529 4238 13
549 4185 579 4242 δὲ
596 4201 640 4240 om
659 4188 733 4244 UBV
817 4186 855 4262 μὴ
873 4191 942 4248 ab?
1017 4196 1067 4265 τῆς
1084 4195 1181 4262 φιλίας
1197 4194 1294 4249 abesse
1311 4194 1418 4248 mallem

231 4273 263 4323 25
282 4265 422 4341 δεσπότης
439 4271 539 4338 scripsi
556 4267 698 4344 δεσπότην
715 4275 778 4329 libri
857 4280 890 4330 16
907 4279 1018 4351 χαίρειν
1029 4274 1210 4348 καλούμενον
1227 4279 1290 4333 libri
1307 4277 1369 4345 (vid.
1389 4282 1432 4345 15)

231 4358 262 4407 11
282 4348 335 4410 οὐκ
352 4348 441 4412 αὐτοῦ
459 4355 505 4410 UB
576 4360 608 4410 18
621 4361 683 4414 τοίν
694 4375 744 4428 pro
763 4363 859 4418 τοίνυν
876 4360 898 4414 Ρ
968 4365 1001 4417 19
1017 4357 1124 4435 ἦδονῆσ
1140 4362 1219 4421 ἐστιν
1235 4364 1298 4429 (hoc
1309 4363 1412 4431 ord.)U

231 4442 263 4493 30
283 4432 428 4511 ἀναγγαῖα
445 4435 584 4513 νενόμηκε
602 4442 623 4496 Ρ
642 4439 775 4512 νενόμικε
792 4444 841 4500 UB
