3068 5160
195 337 256 397 286
566 335 688 391 DIONIS
706 336 758 390 AD
777 334 1067 391 ALEXANDRINOS

194 509 319 592 μᾶλλόν
348 533 385 574 τε
414 517 595 595 προσιέναι
624 512 679 573 καί
711 503 828 594 μηκέτ’
861 508 1162 574 ἀπαλλάττεσθαι·
1191 512 1234 573 τά
1266 512 1334 592 μὲν
1368 509 1469 591 οἶμαι

196 614 252 677 διδ
275 617 313 676 τὸ
337 615 460 698 εύηθες
481 616 537 676 καὶ
559 617 618 700 την
643 610 929 698 φιλανθρωπίαν,
953 621 1019 675 τῶν
1050 611 1084 675 δέ
1113 614 1266 698 ὀρνίθων
1296 616 1470 693 μουσικόν

196 715 305 802 δήπου
328 718 366 778 τό
388 721 484 796 γένος
507 717 589 776 αύτδ
610 717 666 778 καί
689 711 849 800 φιλῳδόν.
895 711 1019 791 ζῶντος
1039 717 1101 796 μὲν
1125 716 1183 778 οὖν
1192 706 1356 800 ’Ὀρφέως
1375 719 1470 777 συνέ-

197 820 329 880 πεσθαι
358 816 448 899 αύτῳ
478 819 696 896 πανταχόθεν
730 820 893 879 ἀκούοντα
923 811 1048 900 [αὐτοῦ]
1078 819 1164 896 ὁμοῦ
1188 818 1246 879 καί
1274 818 1470 897 νεμόμενα·

194 921 251 981 καλ
272 920 333 1002 γάρ
356 921 483 982 ἐκεῖνον
506 920 541 982 έν
563 941 599 982 τε
622 924 696 992 τοῖς
718 921 813 1003 ὄρεσι
826 921 883 981 καὶ
898 920 978 1001 περὶ
994 920 1054 993 τὰς
1069 921 1182 993 νάπας
1196 919 1238 980 τά
1255 916 1379 980 πολλά
1399 915 1501 982 δια-ι

196 1023 338 1105 τρίβειν·
363 1022 605 1095 ἀποθανόντος
621 1018 656 1082 δὲ
680 1022 902 1104 ἐρημωθέντα
926 1018 1116 1105 ὀδύρεσθαι
1136 1022 1193 1083 καί
1211 1017 1385 1100 χαλεπῶς
1412 1027 1470 1107 φέ-

196 1139 282 1206 ρειν·
312 1126 399 1186 ὥστε
421 1127 480 1210 την
502 1128 630 1208 μητέρα
655 1124 759 1184 αύτού
779 1119 980 1207 Καλλιόπην
1004 1120 1061 1184 διδ
1090 1125 1149 1208 την
1179 1124 1267 1207 πρός
1298 1125 1363 1186 τόν
1394 1126 1469 1187 υίδν

197 1229 329 1289 εύνοιαν
362 1227 419 1287 καί
453 1224 570 1310 φιλίαν
599 1227 826 1309 αἰτησαμένην
857 1225 951 1308 παρὰ
980 1226 1067 1298 Διὸς
1097 1225 1138 1285 τά
1170 1227 1315 1304 σώματα
1353 1223 1468 1287 αὐτῶν

195 1325 397 1409 μεταβαλεῖν
430 1330 479 1402 είς
513 1329 710 1412 ἀνθρώπων
744 1329 868 1404 τύπον,
901 1327 962 1400 τάς
988 1331 1106 1405 μέντοι
1132 1327 1245 1408 ψυχάς
1275 1322 1468 1406 διαμένειν,

146 1432 186 1494 65
198 1432 269 1493 οίαι
299 1434 465 1513 πρότερον
493 1425 588 1513 ἦσαν.
637 1426 787 1507 χαλεπόν
817 1429 875 1491 ούν
903 1425 966 1514 ἤδη
996 1430 1070 1491 ἐστι
1097 1432 1135 1490 τό
1166 1425 1377 1508 λειπόμενον
1409 1435 1470 1490 τοῦ
1487 1439 1510 1491 1ο

197 1532 314 1616 λόχου,
343 1534 399 1594 καί
422 1527 558 1592 δέδοικα
579 1526 703 1614 <πρδς>
731 1532 815 1609 ὑμᾶς
845 1538 965 1615 σαφῶς
996 1533 1076 1594 αύτδ
1106 1533 1225 1594 εἰπεῖν.
1273 1527 1374 1612 ἔλεγε
1405 1531 1467 1614 γάρ

196 1633 233 1711 ἐξ
254 1636 388 1696 ἐκείνων
410 1638 505 1715 γένος
527 1654 560 1694 τι
588 1641 692 1717 φύναι
714 1630 940 1711 Μακεδόνων,
968 1635 1026 1696 καί
1054 1641 1152 1695 τοῦτο
1183 1633 1290 1706 αὖθις
1319 1633 1468 1716 ύστερον

196 1737 280 1816 μετά
300 1729 519 1818 Ἀλεξάνδρου
543 1732 664 1816 διαβάν
687 1732 813 1797 ἐνθάδε
844 1737 989 1820 οἰκῆσαι.
1033 1737 1089 1798 καὶ
1112 1732 1168 1797 διά
1197 1742 1299 1796 τούτο
1332 1731 1376 1822 δὴ
1410 1738 1468 1798 τόν

196 1845 263 1916 τῶν
282 1829 526 1922 Ἀλεξανδρέων
551 1834 656 1923 δῆμον
679 1839 829 1919 ἀχεσθαι
850 1839 911 1916 μὲν
933 1840 1000 1899 ύπδ
1025 1829 1129 1922 ᾠδῆς,
1160 1839 1205 1911 ὡς
1235 1834 1387 1912 οὐδένας
1412 1834 1467 1898 ἀλ-

197 1936 291 2017 λους,
320 1941 381 2001 κάν
404 1942 576 2002 ἀκούσωσι
597 1941 746 2024 κιθάρας
775 1941 981 2015 ὁποιασοῦν,
1012 1936 1189 2015 ἐξεστάναι
1215 1940 1272 2001 καί
1305 1941 1508 2024 φρίττεινιύ

195 2042 279 2103 κατὰ
295 2044 425 2126 μνήμην
441 2044 499 2126 την
512 2031 671 2126 Ὀρφέως.
718 2041 806 2104 εἶναι
829 2041 864 2104 δέ
887 2041 934 2124 τῳ
957 2045 1073 2126 τρόπῳ
1089 2048 1216 2126 κοῦφον
1231 2042 1289 2104 καί
1306 2042 1468 2128 ἀνόητον,

197 2145 243 2217 ὡς
266 2145 301 2204 ἐκ
323 2145 479 2204 τοιούτου
504 2147 715 2228 σπέρματος·
745 2147 822 2208 ἐπεὶ
849 2148 929 2220 τούς
956 2165 992 2226 χε
1022 2142 1144 2218 ἀλλους
1166 2140 1381 2220 Μακεδόνας
1413 2147 1468 2207 ἀν-

20 2266 22 2278 ·
146 2247 187 2308 66
199 2241 330 2326 δρείους
351 2246 408 2306 καί
429 2241 634 2324 πολεμικούς
655 2248 819 2326 γενέσθαι
840 2249 956 2309 καὶτὸ
978 2244 1067 2331 ἦθος
1088 2249 1256 2329 βεβαίους.
1373 2247 1469 2334 ἔλεγε
1480 2264 1524 2314 καί]

198 2343 234 2407 δέ
256 2348 312 2408 καί
340 2349 507 2428 περὶτῶν
529 2344 734 2429 κιθαρῳδῶν
757 2356 824 2410 τῶν
847 2339 932 2433 παρ’
957 2350 1035 2429 ύμῖν
1058 2353 1171 2435 ἕτερον
1196 2355 1356 2415 τοιοῦτόν
1388 2374 1468 2416 τινα

198 2445 304 2530 λόχον.
350 2449 391 2509 τά
420 2449 482 2533 γάρ
514 2444 582 2530 ζῴα
612 2452 646 2511 ἐν
669 2461 710 2536 τῇ
734 2454 895 2534 συνουσίᾳ
917 2459 958 2536 τῇ
981 2455 1068 2537 πρὸς
1095 2456 1154 2516 τόν
1173 2445 1300 2539 Ὀρφέα
1331 2456 1377 2517 τά
1405 2459 1511 2538 μένα]

197 2547 282 2611 ἀλλα
305 2547 455 2635 ἥδεσθαι
476 2555 579 2632 μόνον
601 2554 658 2615 καὶ
679 2551 927 2641 ἐκπεπλῆχθαι,
950 2557 1138 2635 μιμεῖσθαι
1157 2553 1192 2619 δὲ
1208 2554 1315 2641 μηδὲν
1331 2560 1466 2638 ἐπιχει-

197 2657 285 2735 ρεῖν·
308 2661 375 2716 τῶν
396 2662 502 2718 κυνῶν
527 2652 561 2717 δὲ
585 2657 704 2733 ένίους,
729 2656 784 2718 οία
801 2655 839 2743 δη
856 2662 951 2739 γένος
966 2656 1103 2733 ἀναιδὲς
1116 2660 1174 2721 καί
1187 2659 1370 2744 περίεργον
1385 2663 1464 2722 ἐπι-

196 2756 332 2818 θέσθαι
354 2765 395 2842 τῇ
413 2766 567 2842 μουσικῇ,
590 2760 646 2819 καί
667 2755 805 2839 μελετᾶν
828 2749 901 2821 τότ’
927 2761 1032 2834 εύθύς
1048 2761 1215 2835 ἀπιόντας
1228 2753 1318 2823 καθ’
1338 2763 1457 2836 αύτούς

197 2860 253 2920 καί
274 2860 316 2920 τά
340 2857 411 2943 εἴδη
435 2857 689 2940 μεταβαλόντας
711 2863 761 2935 εἰς
786 2863 994 2945 ἀνθρώπους
1024 2860 1265 2948 διαφυλάττειν
1296 2868 1360 2951 την
1383 2866 1461 2927 ἐπι-

196 2958 343 3040 μέλειαν.
389 2960 477 3024 εἶναι
507 2958 542 3022 δὲ
571 2970 670 3023 τοῦτο
700 2963 780 3024 αύτό
809 2966 848 3025 τδ
870 2969 965 3046 γένος
988 2971 1054 3026 τῶν
1076 2963 1300 3050 κιθαρῳδῶν·
1334 2964 1391 3030 διδ
1416 2971 1461 3054 μη
1483 2979 1510 3030 25

199 3059 371 3123 δύνασθαι
393 3066 615 3126 παντάπασιν
637 3066 775 3150 ἐκβῆναι
796 3069 856 3152 την
880 3069 989 3129 αὐτῶν
1013 3070 1126 3152 φύσιν,
1151 3065 1236 3130 ἀλλά
1251 3071 1375 3152 μικρὸν
1399 3075 1464 3150 μέν

198 3185 232 3224 τι
255 3159 433 3246 διασῴζειν
456 3173 515 3249 τῆς
534 3155 685 3251 Ὀρφέως
709 3165 946 3247 διδασκαλίας,
976 3172 1014 3231 τό
1042 3168 1130 3232 πολύ
1155 3161 1188 3233 δ’
1215 3171 1334 3245 αύτοῐς
1357 3173 1464 3254 ἐμμέ-

146 3267 186 3329 67
197 3285 266 3328 νειν
292 3268 422 3329 κύνειον
445 3275 507 3328 τοῦ
526 3266 657 3348 μέλους.
787 3278 891 3331 ταῦτα
914 3273 975 3350 μὲν
997 3273 1123 3347 ἐκεῖνος
1146 3267 1284 3350 ἔπαιζεν
1306 3274 1328 3334 δ
1353 3272 1463 3360 Φρύξ.

197 3370 260 3451 ἐγὼ
292 3359 324 3430 δ’
355 3372 433 3448 ύμῖν
460 3367 628 3451 βούλομαι
656 3369 940 3452 Λακεδαιμονίων
969 3376 1066 3458 ἐρχον
1095 3376 1221 3452 εἰπεῖν,
1256 3376 1302 3448 ὡς
1331 3377 1465 3440 έκεῖνοι

198 3472 482 3556 προσηνέχθησαν
504 3469 601 3557 ἀνδρί
621 3471 807 3558 κιθαρῳδῷ
829 3471 1077 3558 θαυμαζομένῳ
1102 3479 1178 3539 τότε
1200 3479 1235 3539 ἐν
1257 3469 1464 3566 τοῖςἝλλη-
1483 3489 1511 3541 io

282 3747 296 3797 3
314 3745 368 3812 μὲν
386 3735 437 3801 οὖν
451 3775 480 3782 -
492 3738 666 3799 συνέπεσθαι
683 3742 711 3795 in
729 3757 794 3808 mrg.
814 3743 843 3796 M
896 3747 912 3795 4
930 3737 1019 3800 αὐτοῦ
1035 3744 1134 3799 seclusi
1203 3748 1218 3797 5
1236 3741 1268 3801 ἐν
1285 3755 1354 3803 τοῖσ
1374 3743 1465 3821 δρεσί

196 3850 227 3888 τε
245 3831 307 3894 (hcc
326 3830 431 3896 ord·)T
518 3819 626 3885 iu‘iccc
645 3831 802 3896 suspectum
891 3833 921 3881 10
939 3825 1157 3898 λοικόμενυνΒ
1244 3835 1272 3884 11
1293 3829 1375 3904 πρδσ
1393 3835 1462 3892 add.

195 3916 296 3970 Reiske
383 3920 414 3969 12
433 3919 519 3972 τοῦτο
544 3908 633 3971 ccicc
654 3912 731 3978 libri,
755 3928 825 3967 corr.
849 3912 927 3981 Emp.
1033 3919 1064 3970 13
1090 3909 1271 3990 Ἀλέξανδρον
1292 3916 1369 3972 UBT

196 4007 227 4056 15
244 4001 336 4057 malim
353 3996 409 4058 κάν
426 3994 535 4069 ἀκούσῃ
553 4003 664 4067 propter
680 4005 793 4072 κοῦφον
810 4003 862 4055 etc.
950 4005 980 4055 16
999 4006 1051 4059 τοῦ
1067 4019 1117 4071 pro
1135 3998 1187 4073 τὴν
1204 4002 1258 4056 ΜΤ
1355 4006 1389 4060 18
1407 4009 1462 4062 καί

195 4086 272 4155 prius
290 4102 342 4141 om.
361 4084 385 4138 T
454 4081 488 4141 τὸ
508 4081 586 4142 είδοσ
603 4088 746 4158 βεβαίουσ
763 4086 814 4142 UT
894 4093 925 4144 19
944 4077 1068 4161 ὕστερον
1089 4103 1139 4156 pro
1162 4084 1264 4160 ἕτερον
1281 4087 1357 4153 libri,
1383 4104 1461 4146 corr.

195 4172 296 4227 Reiskc
381 4175 415 4223 24
432 4165 482 4242 ἤδη
500 4185 570 4225 corr.
588 4170 616 4224 in
635 4167 692 4242 είδη
709 4171 735 4226 U
753 4188 787 4226 m.
806 4186 848 4240 pr.
934 4171 1051 4227 fortasse
1073 4164 1149 4251 κᾷτα
1171 4169 1221 4244 ἥδη
1323 4180 1460 4247 μεταβα·

196 4253 285 4314 λύντα
298 4256 346 4311 UB
363 4253 583 4329 μεταβάλλοντα
596 4255 626 4309 Μ
643 4253 900 4329 μεταβαλλόνταΤ
919 4271 988 4311 corr.
1002 4256 1103 4312 Reiske
1155 4261 1187 4311 26
1205 4253 1256 4328 τὴν
1275 4252 1403 4315 αύτοῦΤ

196 4342 379 4397 accusativum
397 4358 452 4397 non
468 4340 568 4396 tolerat
586 4342 649 4396 Wil.
703 4345 735 4394 27
754 4344 955 4398 διδασκαλείου
972 4342 1001 4394 Μ
1054 4346 1086 4395 28
1104 4333 1294 4399 κύνιυνΠΒΜ
1364 4345 1458 4401 totum

195 4425 284 4481 locum
302 4426 341 4480 sic
352 4426 570 4481 constituendum
582 4430 661 4495 puto:
680 4423 812 4494 ἐμμένειν
829 4427 891 4496 (τῆς
908 4423 1055 4496 πρότερον
1073 4423 1185 4497 φύσεως
1196 4432 1245 4484 καί
1263 4420 1362 4502 ὀρθῶς
1380 4424 1459 4500 ὑμᾶς

196 4506 249 4567 τὸν
264 4515 434 4583 χαρακτῆρα
451 4511 567 4578 καλεῖν>
584 4505 700 4567 κυνικὸν
718 4515 770 4568 τοῦ
786 4501 890 4579 μέλους
959 4506 1073 4578 ἐκαιξεν
1091 4512 1119 4565 Μ
