3068 5160
570 298 861 357 PROLEGOMENA.
1296 306 1348 362 VII

85 468 146 535 Est
173 469 259 534 enim
289 470 430 535 omnium
458 468 606 536 codicum
633 476 666 537 et
694 472 937 555 antiquissimus
959 478 992 538 et
1013 474 1163 558 optimus,
1187 475 1228 542 ab
1250 476 1347 543 inter-

85 570 285 656 polationum
318 569 393 638 labe
424 572 512 638 solus
539 571 607 638 fero
635 573 795 640 immunis.
847 573 892 642 Ut
919 594 995 640 vero
1023 595 1108 641 nunc
1136 596 1188 643 res
1218 582 1281 662 est,
1311 579 1347 644 in

85 673 231 740 maxima
252 678 346 758 parte
366 673 483 738 Dionis
505 672 664 741 deteriore
686 674 829 741 eiusdem
852 676 981 759 generis
1001 675 1090 742 fonte
1112 679 1254 745 contenti
1276 698 1347 746 esse

86 772 251 842 debemus.

171 877 287 943 Moneo
309 882 427 960 autem,
451 896 665 961 quaecunque
684 876 725 943 de
739 878 996 944 Meermanniani
1009 879 1182 947 virtutibus
1195 879 1345 965 diximus,

86 977 130 1044 ud
150 978 288 1063 primam
310 978 406 1044 huius
427 977 504 1044 libri
526 997 656 1043 manum
678 984 834 1063 spectare,
858 998 957 1063 quam
978 980 1149 1064 Emporius
1170 983 1292 1050 rasuris
1314 989 1347 1049 et

86 1070 277 1149 correcturis
305 1079 518 1166 depravatam
543 1078 793 1163 diligentissime
814 1079 995 1165 indagavit.
1038 1082 1124 1147 Nam
1146 1091 1347 1151 correcturae

85 1183 281 1249 recentiores
301 1202 343 1248 ex
358 1181 469 1249 codice
482 1181 645 1248 fluxerunt
659 1183 814 1266 vulgatae
829 1183 974 1250 Venetae
990 1183 1153 1250 simillimo
1169 1191 1202 1251 et
1216 1187 1346 1270 nullius,

85 1289 123 1350 nt
150 1289 266 1369 postea
287 1282 527 1366 demonstrabo,
554 1284 765 1350 auctoritatis.
807 1285 983 1352 Praeterea
1003 1286 1039 1350 in
1060 1285 1252 1372 archetypo,
1283 1307 1347 1372 quo

86 1383 240 1451 librarius
260 1386 294 1450 Μ
315 1384 474 1469 utebatur,
498 1385 631 1452 deerant
653 1405 698 1451 or.
720 1388 764 1452 Π.
787 1388 847 1453 ΠΙ.
869 1387 915 1453 Ν
936 1407 1013 1473 pars
1035 1389 1188 1455 maxima.
1231 1389 1347 1474 Itaque

87 1507 174 1572 quae
196 1487 356 1555 excidisse
378 1487 510 1555 videbat
531 1508 572 1555 ex
595 1488 661 1554 alio
679 1490 763 1556 alius
779 1491 907 1573 generis
922 1490 1035 1556 codice
1049 1491 1200 1576 supplere
1214 1491 1347 1557 studuit.
1412 1492 1414 1495 ’

86 1587 143 1655 Sic
164 1587 284 1655 factum
305 1595 362 1672 cst,
386 1596 422 1656 ut
436 1591 470 1655 in
486 1610 531 1656 or.
546 1591 589 1674 Π,
611 1597 704 1676 parte
720 1593 874 1658 orationis
889 1592 936 1657 IV
951 1597 983 1658 et
997 1591 1178 1676 fragmento
1193 1594 1348 1661 orationis

85 1689 148 1774 VI,
179 1690 265 1775 quod
285 1692 392 1777 priore
414 1692 485 1758 loco
507 1693 641 1776 legitur,
667 1693 810 1760 codicem
833 1699 1022 1779 sequeretur
1043 1693 1087 1759 ad
1107 1693 1267 1760 familiam
1289 1695 1346 1760 PH

83 1793 314 1877 pertinentem,
345 1792 385 1860 de
416 1813 481 1878 qua
508 1800 621 1879 postea
649 1793 878 1880 disputabitur.
886 1796 909 1872 ¹)
954 1795 1048 1861 Hanc
1076 1795 1197 1862 codicis
1222 1802 1346 1881 partem

83 1895 135 1960 M¹
158 1901 271 1961 notare
292 1895 391 1961 soleo.

170 1997 230 2063 His
252 1997 353 2079 igitur
366 1997 576 2082 praemonitis
592 1996 757 2062 codicibus
773 1996 842 2061 VM
857 1997 952 2080 quasi
967 2016 1031 2061 uno
1047 1995 1158 2063 codice
1173 1999 1222 2062 uti
1236 2018 1348 2083 possu-

83 2118 171 2180 mus,
201 2100 316 2182 quiin
337 2098 488 2162 maximis
510 2097 558 2162 rei
581 2097 714 2162 criticae
735 2095 890 2163 subsidiis
911 2096 1130 2164 numerandus
1152 2105 1215 2182 est,
1244 2099 1292 2164 ita
1312 2106 1348 2165 ut

83 2198 154 2266 cod.
177 2200 207 2265 V
230 2199 274 2266 ad
296 2219 340 2265 or.
364 2198 480 2263 I-VI.
508 2197 697 2280 VIH-XI,
728 2198 798 2264 cod.
819 2199 853 2264 M
874 2197 919 2265 ad
940 2219 986 2266 or.
1008 2197 1081 2266 VII.
1109 2199 1347 2266 XII-LXXX

85 2301 290 2368 adhibeatur.
334 2301 396 2366 Hic
424 2301 511 2367 solus
538 2299 609 2368 fons
637 2321 749 2368 omnes
770 2303 932 2370 orationes
954 2303 1038 2369 iusto
1061 2303 1173 2370 ordine
1194 2305 1346 2388 servavit,

85 2403 139 2469 bic
161 2401 465 2487 interpolationibus
487 2423 624 2488 quoque,
649 2402 765 2488 quibus
788 2403 887 2470 ceteri
902 2403 1030 2472 codices
1045 2411 1181 2490 scatent,
1204 2407 1232 2472 si
1247 2411 1348 2472 totum

85 2512 221 2590 spectes,
245 2504 327 2572 liber
349 2510 407 2571 est.
444 2503 529 2570 Nam
543 2505 802 2572 Meermanniani
824 2525 952 2589 quoque
973 2507 1079 2591 prima
1096 2527 1210 2574 manus
1224 2507 1349 2574 leviora

87 2606 219 2692 quidem
240 2607 332 2690 vitia,
355 2625 440 2691 quae
461 2605 552 2672 facili
570 2627 669 2692 opera
683 2606 861 2686 sustuleris,
883 2609 989 2674 textui
1003 2608 1164 2694 adspersit
1177 2609 1347 2694 permulta,

85 2709 351 2793 interpolationes
373 2728 480 2794 neque
501 2710 619 2776 multas
640 2710 750 2775 intulit
771 2728 877 2793 neque
898 2710 1049 2777 audaces.

172 2812 471 2877 Meermannianum
496 2812 567 2896 ipse
588 2833 654 2877 non
675 2811 744 2876 vidi
765 2830 871 2895 neque
892 2832 963 2878 meo
986 2814 1075 2898 operi
1096 2812 1174 2878 inde
1196 2811 1348 2878 damnum

87 2910 156 2976 fore
182 2917 276 2995 puto,
305 2933 378 2979 oum
409 2912 450 2979 ab
473 2913 624 2998 Emperio
653 2911 901 2996 diligentissime
924 2913 1060 2980 collatus
1082 2916 1124 2980 sit
1146 2920 1179 2980 et
1200 2915 1348 2980 intentu

89 3012 311 3079 constituendo
333 3035 459 3100 semper
481 3015 524 3080 ad
543 3035 675 3081 manum
689 3016 721 3081 ei
735 3015 841 3082 tuerit.
873 3015 1068 3081 Vaticanum
1082 3015 1112 3080 V
1126 3021 1227 3082 totum
1243 3015 1348 3082 denuo

88 3113 160 3197 ipse
188 3115 309 3180 contuli
336 3122 369 3181 et
391 3116 504 3183 Gobeti
534 3118 755 3200 collationem,
784 3138 850 3202 qua
871 3118 1040 3202 Emperius
1068 3117 1235 3200 utebatur,
1265 3119 1349 3184 mira

87 3215 298 3297 neglegentia
319 3215 438 3283 factam
461 3237 532 3284 csse
553 3219 711 3285 intellexi.
752 3220 868 3304 Itaque
889 3219 946 3285 ubi
967 3238 1061 3284 meae
1083 3217 1306 3286 adnotationes
1328 3240 1349 3286 a

90 3315 277 3384 Oobetianis
300 3317 494 3403 discrepant,
517 3320 597 3386 mihi
618 3322 717 3387 velim
739 3320 834 3388 fidem
855 3320 977 3387 haberi.
1009 3322 1061 3386 De
1076 3327 1213 3388 externa
1228 3320 1348 3388 codicis

86 3417 190 3484 forma
212 3439 336 3504 moneo,
360 3426 511 3505 quattuor
533 3429 693 3489 extremos
716 3423 943 3507 quaterniones
965 3422 1041 3488 inde
1063 3422 1105 3488 ab
1124 3443 1169 3489 or.
1185 3423 1248 3501 Π
1267 3429 1344 3506 17,1

87 3521 281 3609 ὀφθαλμῶν
303 3540 390 3587 nuno
411 3522 619 3609 bibliopegae
640 3524 720 3589 vitio
742 3543 894 3608 perverso
916 3521 1028 3589 ordine
1049 3543 1085 3590 se
1107 3525 1259 3608 excipere
1273 3524 1348 3599 taio:

87 3629 117 3688 4.
141 3627 170 3690 3.
194 3627 224 3688 2.
250 3628 289 3707 1),
313 3623 354 3689 de
376 3625 538 3692 scribendi
560 3646 679 3710 genere
701 3631 853 3692 accentus
875 3631 908 3691 et
929 3625 1061 3709 spiritus
1083 3624 1262 3692 desiderari
1276 3645 1348 3709 per·

86 3726 212 3808 multos,
228 3725 398 3792 verborum
414 3748 543 3813 quoquc
558 3729 749 3795 divisionem
760 3748 826 3793 non
836 3747 962 3812 semper
971 3724 1146 3793 observari.
1169 3725 1347 3811 Siquando

86 3847 201 3893 manus
216 3829 375 3894 recentior
390 3828 477 3911 quod
492 3831 527 3895 in
542 3829 653 3898 codice
668 3831 822 3916 scriptum
837 3836 907 3897 erat
921 3829 1067 3912 mutavit,
1089 3829 1125 3893 in
1139 3827 1348 3894 adnotatione

87 3927 122 3993 id
144 3930 265 3994 monui.

172 4031 242 4095 Iam
264 4049 320 4095 eos
341 4029 469 4096 codices
491 4031 679 4113 rooensebo,
702 4031 852 4115 quicum
874 4051 984 4099 omnes
1006 4033 1168 4098 orationes
1191 4032 1347 4116 complec-

175 4201 199 4262 1)
217 4195 260 4250 Ita
276 4209 333 4249 rem
345 4210 375 4250 se
387 4195 488 4251 habere
499 4195 629 4262 intellexi,
641 4200 786 4266 postquam
796 4197 837 4252 vir
850 4198 1014 4254 clarissimus
1027 4200 1072 4254 Du
1083 4198 1161 4264 Rieu,
1179 4199 1226 4268 qui
1237 4198 1347 4268 Lugdu-

87 4283 165 4357 pensi
181 4280 362 4336 bibliothecae
379 4284 500 4349 praeest,
526 4296 576 4350 per
593 4281 697 4337 litteras
715 4295 732 4336 a
749 4297 792 4337 me
808 4283 1005 4351 interrogatus,
1023 4283 1137 4353 benigne
1154 4283 1188 4340 de
1206 4284 1347 4353 utriusque

88 4366 202 4436 exempli
219 4365 349 4421 orationis
367 4364 405 4420 VI
422 4365 584 4422 lectionibus
602 4366 667 4421 mihi
684 4365 832 4436 rescripsit.
863 4366 934 4422 Nam
946 4367 1092 4438 Emporias
1110 4368 1191 4439 paulo
1204 4369 1347 4426 obscurius

87 4465 145 4505 rem
162 4450 369 4519 significaverat.
