3068 5160
669 335 806 393 ORATIO
823 336 872 391 xl.
1334 339 1395 399 125

138 510 194 573 καί
216 505 344 571 πολλοί
365 506 544 572 ἀπώλοντο
567 511 623 573 καί
645 512 776 595 ἄταφοι
798 512 943 591 έμειναν,
967 513 1013 587 ὡς
1035 520 1139 575 ταύτα
1162 518 1304 596 μέγιστα
1328 522 1395 577 τῶν

137 614 328 695 γενομένων
355 612 412 674 καί
440 608 519 689 ἀξια
549 621 608 698 τῆς
638 614 826 698 ποιήσεως,
854 614 910 675 καί
939 615 998 700 τήν
1024 621 1086 676 τού
1105 616 1192 690 Διὸς
1213 613 1337 702 βουλήν
1359 620 1397 679 ἐν

139 715 278 788 τούτοις
300 714 387 799 φησί
408 711 622 800 τελεσθῆναι,
648 716 763 800 ὥσπερ
788 714 845 777 οδν
867 716 924 777 καί
948 717 1083 801 συνέβη·
1113 719 1172 802 τήν
1196 715 1232 780 δέ
1254 721 1394 804 ὕστερον

138 810 332 901 μεταβολήν
353 821 420 877 τῶν
443 819 651 902 πραγμάτων
672 818 729 878 καί
743 818 801 878 τδν
817 824 879 877 τοῦ
885 809 1040 903 Ἕκτορος
1055 819 1218 897 θάνατον,
1242 822 1263 881 ά
1279 819 1395 901 ἔμελλε

104 926 120 979 l
133 917 351 1001 χαριεῖσθαι,
379 917 434 996 <σύ
458 913 635 1004 φαίνεται)
656 919 882 998 ὑποθέμενος,
908 917 984 981 οὐδὲ
1007 922 1060 982 δτι
1082 921 1221 1004 ύστερον
1244 920 1332 985 έάλω
1356 927 1394 987 τά

131 1008 253 1081 Ἴλιον·
283 1015 367 1093 ἴσως
395 1019 457 1103 γάρ
489 1021 547 1081 ούκ
574 1016 613 1105 ήν
637 1040 692 1082 πω
715 1017 976 1100 βεβουλευμένος
999 1022 1225 1108 ἀναστρέφειν
1248 1026 1393 1088 ἅπαντα.

137 1120 263 1183 ἔπειτα
286 1116 490 1202 βουλόμενος
512 1124 571 1207 τήν
595 1123 707 1184 αἰτίαν
730 1123 841 1184 είπεῖν
863 1130 930 1185 τῶν
951 1131 1075 1201 κακῶν,
1103 1126 1203 1210 ἀφείς
1225 1128 1283 1188 τάν
1302 1117 1393 1189 Ἀλέ-
1406 1131 1445 1192 31

138 1218 286 1307 ξανδρον
318 1223 375 1284 καί
407 1224 466 1308 τήν
491 1214 620 1309 Ἑλένην
649 1226 728 1308 περί
755 1226 894 1308 Χρύσου
925 1223 1073 1310 φλυαρεῖ
1096 1229 1152 1289 καί
1180 1237 1240 1314 τῆς
1268 1231 1394 1292 ἐκείνου

137 1322 323 1408 θυγατρός.

94 1430 120 1495 Ι
225 1427 292 1509 έγὼ
317 1425 374 1488 σύν
396 1427 443 1500 ὡς
465 1428 647 1512 ἐπυθόμην
670 1430 763 1513 παρά
786 1435 853 1490 τῶν
876 1431 911 1490 έν
934 1429 1102 1512 Αἰγύπτῳ
1128 1433 1244 1518 ἱερέων
1267 1436 1341 1509 ένύς
1359 1435 1397 1496 εύ

137 1524 232 1610 μάλα
254 1533 412 1613 γέροντος
433 1531 469 1592 έν
492 1537 533 1615 τῇ
552 1521 701 1615 Ὀνούφι,
725 1528 810 1592 ἀλλα
833 1551 869 1593 τε
892 1528 1002 1593 πολλὰ
1025 1540 1092 1595 τῶν
1111 1524 1272 1620 Ἑλλήνων
1294 1557 1394 1598 κατα-

137 1627 306 1713 γελῶντος
322 1633 369 1706 ὡς
384 1632 488 1693 οὐθέν
504 1629 645 1694 εἰδότων
661 1629 790 1717 ἀληθές
806 1634 967 1716 περὶτῶν
983 1631 1163 1714 πλείστων,
1178 1639 1235 1699 καὶ
1246 1635 1394 1718 μάλιστα

139 1729 180 1819 δή
204 1735 372 1819 τεκμηρίῳ
396 1735 503 1815 τούτῳ
525 1738 698 1818 χρωμένου
722 1737 775 1795 ὅτι
801 1736 926 1819 Τροίαν
949 1741 986 1797 τέ
1008 1738 1076 1798 είσι
1099 1744 1325 1819 πεπεισμένοι
1349 1742 1395 1815 ὡς

138 1830 292 1897 ἁλοῦσαν
326 1837 394 1898 ὑπὸ
422 1826 670 1918 Ἀγαμέμνονος
697 1838 753 1898 καί
780 1840 832 1898 ότι
858 1828 966 1922 Ἑλένη
999 1847 1198 1900 συνοικοῦσα
1228 1839 1393 1923 Μενελάῳ

94 1926 118 1999 ’Β
136 1937 278 2023 ήράσθη
298 1928 536 2023 Ἀλεξάνδρου·
558 1940 615 2000 καί
637 1945 741 1999 ταῦτα
765 1940 872 2013 οὕτως
887 1940 971 2022 ἀγαν
987 1946 1212 2021 πεπεισμένοι
1228 1943 1313 2004 είσίν
1328 1935 1392 2028 ὑφ)

137 2041 216 2114 ένδς
251 2035 374 2125 ἀνδρὸς
402 2035 677 2124 ἐξαπατηθέντες
707 2041 793 2102 ὥστε
821 2042 877 2102 καί
907 2043 1032 2120 ὀμόσαι
1061 2044 1209 2116 ἕκαστος.
1262 2045 1327 2129 ἔφη
1359 2042 1394 2106 δέ
1407 2045 1446 2111 38

137 2147 258 2203 πᾶσαν
286 2143 345 2227 τήν
374 2143 540 2226 πρότερον
571 2143 725 2226 ἱστορίαν
753 2142 949 2226 γεγράφθαι
980 2135 1065 2226 παρ’
1092 2144 1224 2221 αὐτοῖς,
1253 2148 1313 2232 τήν
1335 2149 1395 2226 μέν

136 2245 175 2306 έν
196 2248 273 2318 τοῖς
295 2244 409 2327 ἱεροῖς,
433 2246 492 2330 τήν
516 2235 549 2306 δ’
574 2247 609 2306 έν
634 2241 773 2327 στήλαις
788 2245 868 2321 τισί,
893 2245 934 2305 τὰ
952 2241 987 2306 δέ
1003 2247 1279 2330 μνημονεύεσθαι
1292 2251 1395 2328 μόνον

136 2336 202 2408 ὑπ’
229 2342 361 2428 ὀλίγων,
383 2352 450 2407 τῶν
475 2343 604 2430 στηλῶν
629 2343 901 2432 διαφθαρεισῶν,
925 2343 1035 2408 πολλὰ
1061 2345 1095 2409 δέ
1118 2349 1174 2411 καί
1193 2351 1395 2432 ἀγνοεῖσθαι

94 2456 117 2511 b
136 2455 209 2513 τῶν
231 2450 268 2510 έν
290 2453 366 2522 ταῖς
390 2445 528 2534 στήλαις
543 2453 778 2533 γεγραμμένων
796 2446 852 2510 διά
868 2451 927 2534 τήν
943 2450 1099 2529 ἀμαθίαν
1114 2471 1150 2512 τε
1165 2453 1221 2514 καί
1237 2449 1395 2532 ἀμέλειαν

137 2558 209 2613 τῶν
232 2553 510 2632 ἐπιγιγνομένων·
534 2549 622 2612 εἶναι
646 2547 681 2611 δέ
704 2552 886 2613 καὶταῦτα
910 2553 944 2612 έν
967 2557 1040 2626 τοῖς
1062 2556 1244 2628 νεωτάτοις
1259 2555 1300 2614 τά
1317 2557 1396 2638 περὶ

139 2654 202 2739 τήν
234 2653 376 2737 Τροίαν·
405 2655 463 2715 τὸν
489 2653 551 2738 γὰρ
574 2649 752 2714 Μενέλαον
775 2653 967 2738 ἀφικέσθαι
990 2645 1075 2738 παρ’
1102 2656 1223 2728 αύτούς
1245 2657 1300 2716 καί
1324 2653 1395 2739 διη-

138 2755 320 2840 γήσασθαι
343 2755 478 2816 ἅπαντα
502 2756 548 2828 ὡς
570 2756 709 2836 ἐγένετο.
821 2751 979 2834 δεομένου
1004 2752 1041 2816 δέ
1062 2775 1127 2834 μου
1152 2753 1394 2841 διηγήσασθαι,
1407 2759 1446 2820 39

139 2858 181 2919 τό
203 2859 266 2937 μέν
289 2863 425 2942 πρῶτον
449 2857 507 2918 οὐκ
529 2853 696 2936 ἐβούλετο,
722 2853 825 2937 λέγιον
848 2858 901 2918 ὅτι
924 2851 1083 2932 ἀλαζόνες
1100 2859 1186 2920 είσίν
1202 2850 1396 2944 οίἙλληνες

94 2948 122 3021 lb
142 2960 201 3021 καί
216 2959 455 3039 ἀμαθέστατοι
471 2961 564 3033 ὄντες
580 2954 908 3038 πολυμαθεστάτους
920 2962 1058 3034 ἑαυτούς
1071 2955 1261 3038 νομίζουσι·
1277 2965 1397 3024 τούτου

141 3058 179 3123 δέ
201 3061 315 3146 μηθέν
338 3060 427 3123 εἷναι
448 3065 579 3146 νόσημα
600 3056 838 3144 χαλεπώτερον
861 3063 944 3145 μήτε
961 3063 1009 3123 ἑνὶ
1024 3063 1107 3147 μήτε
1123 3059 1299 3148 πολλοῖςή
1317 3067 1396 3126 ὅταν

140 3184 195 3239 τις
224 3164 364 3248 ἀμαθής
392 3167 438 3226 ὢν
470 3165 671 3250 σοφώτατον
701 3164 820 3224 εἀυτύν
849 3157 976 3246 νομίζῃ.
1021 3165 1100 3237 τούς
1129 3165 1190 3249 γὰρ
1220 3168 1396 3240 τοιούτους

140 3273 211 3328 τῶν
225 3266 422 3350 ἀνθρώπων
437 3263 609 3350 μηδέποτε
626 3263 798 3328 δύνασθαι
810 3273 869 3350 της
880 3265 1018 3346 ἀγνοίας
1030 3262 1258 3351 ἀπολυθῆναι.
1290 3269 1396 3343 ούτως
1407 3272 1447 3331 40

143 3365 191 3445 δέ,
215 3370 293 3454 ἔφη,
315 3363 455 3450 γελοίως
478 3369 548 3428 ἀπό
572 3370 699 3429 τούτιυν
716 3364 893 3428 διάκεισθε
908 3367 1004 3444 ὑμεῖς
1021 3366 1106 3428 ὥστε
1122 3371 1267 3454 ποιητήν
1283 3372 1395 3452 ἕτερον

94 3476 120 3529 ν)
136 3462 271 3556 Ὁμήρῳ
289 3471 478 3532 πεισθέντα
494 3471 550 3532 καί
566 3469 670 3530 ταύτὰ
688 3471 798 3529 πάντα
816 3460 1009 3552 ποιήσαντα
1026 3470 1105 3552 περί
1116 3461 1254 3554 Ἑλένης,
1273 3472 1395 3554 Στησί-

138 3591 260 3656 χορον,
290 3573 337 3646 ὡς
360 3570 471 3652 οἶμαι,
501 3568 727 3656 τυφλωθῆναί
749 3590 835 3654 φατε
858 3571 925 3630 ύπδ
949 3579 1008 3656 τῇς
1027 3562 1171 3655 Ἑλένης,
1200 3573 1245 3644 ὡς
1267 3574 1396 3651 ψευσά-

141 3693 261 3754 μενον,
292 3673 396 3748 αύθις
425 3670 460 3736 δέ
489 3669 683 3754 ἀναβλέψαι
709 3672 869 3733 τάναντία
893 3674 1095 3757 ποιήσαντα.
1140 3673 1321 3734 καὶταῦτα
1346 3669 1396 3734 λε’-

230 3912 248 3961 4
265 3903 381 3977 ἔμελλεν
399 3906 420 3961 U
491 3912 505 3960 5
525 3899 559 3962 ού
577 3907 710 3978 φαίνεται
728 3921 763 3959 ex
780 3906 850 3961 coni.
870 3906 970 3973 addidi,
990 3900 1042 3978 ούχ
1060 3905 1204 3975 Emperius
1292 3901 1398 3963 ὑποθέ-

142 4011 232 4063 μενος
249 4007 283 4047 ex
301 3992 370 4047 coni.
389 3989 469 4060 posui
485 3981 669 4062 ύπεχόμενοσ
685 3991 761 4057 libri,
784 3985 988 4062 ὑποσχόμενος
1005 3992 1149 4061 Emperius
1255 3997 1284 4046 11
1307 3989 1338 4047 ἐν
1357 3994 1398 4065 τῷ

144 4075 225 4149 ὄνυχι
243 4075 314 4141 libri,
332 4091 401 4131 corr.
420 4075 550 4130 Morebus
619 4075 757 4148 γέροντος
775 4077 879 4144 scripsi,
898 4077 1033 4149 λέγοντος
1051 4078 1112 4132 libri
1177 4080 1208 4131 11
1226 4072 1349 4144 μάλιστα
1369 4074 1397 4131 δὲ

142 4162 216 4227 libri,
235 4176 307 4217 corr.
324 4161 404 4230 Emp.
477 4165 508 4216 13
525 4160 663 4236 χρωμένῳ
680 4161 751 4226 libri,
769 4162 919 4229 praeterT
1008 4166 1039 4217 16
1056 4159 1329 4233 έξαπατηθέντοσΒ

144 4240 258 4317 ἀμῶσαι
269 4246 293 4300 Β
348 4249 378 4300 18
391 4246 421 4304 δὲ
429 4244 461 4304 έν
472 4247 521 4303 UB
570 4251 600 4301 19
619 4239 788 4318 ἀγνοεῖσθαι
799 4262 834 4300 ex
847 4248 917 4302 coni.
932 4247 994 4302 dedi
1006 4241 1188 4304 ἀπιστεῖσθαι
1200 4246 1270 4311 libri,
1283 4239 1397 4303 ἀϊστού-

143 4337 214 4389 abac
231 4332 334 4387 Reiske
403 4335 435 4385 20
454 4339 521 4388 ταῖσ
538 4346 590 4386 om.
610 4331 683 4386 UBT
735 4336 763 4386 21
785 4326 896 4388 ταύτασ
913 4332 939 4386 V
991 4336 1022 4385 25
1042 4328 1345 4400 πολυμαθέστατοσῐί

144 4421 178 4471 29
196 4421 358 4474 διακεῖσθαι
375 4410 452 4486 ύμάσ
469 4415 539 4482 libri,
558 4432 627 4472 corr.
646 4415 731 4473 Veni
800 4416 890 4471 malim
907 4411 964 4474 ὑπὸ
984 4412 1089 4474 τούτου
1142 4422 1174 4472 30
1193 4419 1283 4473 ταῦτα
1301 4411 1397 4471 πάντα

142 4501 216 4568 libri,
236 4515 306 4558 corr.
325 4500 426 4557 Reislre
478 4505 509 4557 31
528 4520 601 4559 ποτε
618 4517 667 4571 pro
685 4522 758 4572 φατε
776 4503 799 4554 Β
868 4502 995 4558 fortasse:
1015 4505 1062 4558 καί
1080 4500 1140 4571 (oi)
1158 4505 1248 4559 ταῦτα
1266 4501 1399 4572 λέγοντες
