3068 5160
199 332 259 392 160
563 329 685 385 DIONIS
703 329 754 384 DE
773 328 838 384 DEI
857 326 1083 384 OOGNITIONE

200 504 362 587 λειμῶνος
385 507 493 568 πυκνὰ
515 509 846 591 μεταστρεφόμενος,
877 501 953 566 ούδέ
977 507 1104 588 έγεῖραι
1128 505 1248 588 σκηνήν
1271 503 1289 586 ῆ
1312 500 1456 584 χάρακα,

200 611 315 693 ὥσπερ
332 606 449 688 ἀμέλει
471 606 674 685 ξυνέπονται
697 612 770 682 τοῖς
794 603 1040 691 στρατοπέδοις
1063 603 1245 685 πολεμικοί
1258 626 1348 680 τινες
1370 607 1456 690 ύπη-

151 715 189 777 19
199 716 310 795 ρέται·
327 714 414 795 πρὸς
427 713 561 772 ἅπαντα
576 709 613 796 δή
628 717 732 771 ταῦτα
745 708 924 794 ἀμηχάνως
935 710 1019 788 ἔχων
1032 710 1203 794 ἀφικόμην
1215 710 1265 782 είς
1277 705 1406 790 ἀνδρας
1419 709 1456 768 ού

199 814 356 897 νωθροὺς
380 810 456 874 οὐδὲ
481 810 601 898 σχολήν
625 815 768 895 ἄγοντας
789 814 987 898 ἀκροᾶσθαι
1010 808 1132 892 λόγων,
1157 807 1241 871 ἀλλά
1264 813 1457 894 μετεώρους

198 916 255 976 καί
283 915 498 995 ἀγωνιῶντας
524 913 685 998 καθάπερ
716 917 846 991 ίππους
873 915 1063 997 ἀγωνιστὰς
1091 914 1151 974 έπί
1173 919 1239 974 τῶν
1262 909 1458 997 ὑσπλήγων,
1480 923 1493 971 5

200 1017 258 1077 οῦκ
280 1017 500 1096 ἀνεχομένους
528 1021 586 1078 τόν
607 1021 742 1103 χρόνον,
772 1021 840 1080 ύπύ
866 1016 1017 1103 σπουδῆς
1042 1013 1078 1078 δὲ
1100 1017 1157 1078 καλ
1179 1016 1382 1100 προθυμίας
1403 1017 1531 1078 uel-1199

200 1137 348 1192 πτοντας
377 1121 415 1180 τό
445 1117 574 1204 ἔδαφος
603 1125 679 1194 ταῖς
703 1117 842 1194 δπλαῖς·
866 1120 953 1181 ἔνθα
975 1138 1011 1200 γε
1033 1115 1073 1203 ήν
1097 1120 1175 1202 δρᾶν
1200 1125 1377 1196 πανταχοῦ
1397 1119 1459 1197 μέν

199 1216 292 1304 ξίφη,
310 1229 484 1299 πανταχοῦ
499 1219 535 1283 δὲ
551 1223 723 1306 θώρακας,
741 1230 915 1301 πανταχοῦ
930 1220 965 1283 δὲ
983 1219 1120 1305 δόρατα,
1145 1218 1256 1282 πάντα
1274 1217 1309 1281 δέ
1327 1220 1458 1297 ἵππων,

199 1314 323 1404 [πάντα
341 1319 376 1383 δέ
393 1317 518 1406 όπλων]
539 1322 651 1386 πάντα
680 1322 716 1385 δὲ
741 1321 965 1404 ὡπλισμένων
988 1321 1119 1406 ἀνδρῶν
1141 1319 1265 1401 μεστά·
1288 1325 1394 1401 μόνος
1417 1319 1456 1407 δή

198 1425 233 1484 έν
262 1427 440 1499 τοσούτοις
470 1429 675 1510 φαινόμενος
705 1425 863 1510 ῥᾴθυμος
892 1427 1037 1504 ἀτεχνῶς
1068 1421 1202 1510 σφόδρα
1232 1445 1268 1486 τε
1291 1425 1460 1508 είρηνικύς
1483 1435 1509 1487 10

148 1535 188 1598 20
201 1523 351 1606 πολέμου
374 1528 513 1612 θεατής,
537 1531 575 1590 τό
591 1531 652 1608 μὲν
677 1536 773 1607 σῶμα
797 1526 919 1613 ένδεής,
943 1530 1002 1613 τήν
1019 1524 1054 1589 δέ
1077 1523 1210 1612 ήλικίαν
1226 1527 1395 1610 προήκων,
1419 1528 1458 1587 ού

196 1637 341 1713 χρυσοῦν
366 1638 535 1714 σκῆπτρον
553 1635 666 1714 φέρων
684 1628 760 1692 ούδέ
778 1636 951 1711 στέμματα
969 1631 1042 1714 ἱερδ
1058 1630 1147 1691 θεοῦ
1160 1649 1262 1704 τινος,
1286 1629 1346 1690 έπί
1363 1624 1458 1690 λύσει

199 1732 370 1816 θυγατρός
393 1734 481 1817 ῆκων
504 1734 553 1806 είς
569 1735 607 1794 τό
626 1729 857 1816 στρατόπεδον
873 1733 1055 1814 ἀναγκαίαν
1072 1728 1160 1808 δδόν,
1184 1722 1254 1792 ἀλλ’
1273 1730 1458 1810 ἐπιθυμῶν

200 1831 285 1895 ἰδεῖν
315 1831 440 1918 ἄνδρας
471 1829 736 1916 ἀγωνιζομένους
765 1837 850 1918 ὑπὲρ
881 1836 983 1920 ἀρχῆς
1010 1831 1284 1912 καὶδυνάμεως,
1314 1835 1394 1907 τούς
1421 1829 1457 1894 δὲ

199 1937 284 2016 ὑπὲρ
315 1932 513 2020 ἐλευθερίας
541 1957 577 1998 τε
606 1939 662 1999 καί
692 1935 874 2021 πατρίδος·
904 1938 1024 1998 ἔπειτα
1055 1937 1092 1996 ού
1116 1938 1173 1997 τόν
1195 1932 1347 1998 κίνδυνον
1370 1937 1458 1996 ἀπο·
1481 1945 1507 1995 15

198 2039 332 2122 κνήσας,
354 2041 398 2124 μή
416 2046 515 2100 τοῦτο
531 2038 720 2124 ήγησάσθω
736 2037 865 2125 μηδείς,
889 2029 958 2100 ἀλλ’
978 2039 1073 2123 εύχῆς
1091 2058 1183 2112 τινος
1200 2037 1366 2122 μνησθείς
1388 2056 1456 2098 πα-

200 2135 297 2214 λαιᾶς
313 2137 409 2224 δεῦρο
426 2139 628 2225 ἀπετράπην
646 2143 732 2225 πρὸς
747 2143 843 2221 ὑμᾶς,
867 2142 920 2202 ἀεὶ
935 2141 976 2201 τὰ
1000 2141 1082 2201 θεῖα
1104 2141 1244 2224 κρείττω
1260 2140 1316 2202 καί
1331 2159 1456 2223 προυρ-

199 2243 352 2324 γιαίτερα
376 2237 520 2321 νομίζων
543 2251 610 2305 τῶν
633 2245 874 2328 ἀνθρωπίνων,
898 2240 994 2326 ήλίκα
1018 2244 1058 2304 ἀν
1080 2265 1111 2326 η.

149 2352 187 2413 21
287 2346 431 2426 πότερον
462 2345 519 2406 οὖν
549 2342 645 2430 ῆδιον
674 2349 752 2426 ύμῖν
781 2349 837 2408 καὶ
861 2343 987 2425 μᾶλλον
1010 2346 1045 2406 έν
1066 2343 1173 2429 καιρῷ
1197 2345 1276 2428 περί
1297 2350 1365 2405 τῶν
1388 2345 1460 2405 έκεῖ

202 2441 445 2529 διηγήσασθαι,
468 2455 530 2508 τοῦ
543 2468 579 2509 τε
596 2456 755 2527 ποταμοῦ
767 2450 805 2509 τό
821 2448 969 2528 μέγεθος
990 2449 1047 2509 καί
1069 2455 1128 2532 τῆς
1140 2449 1254 2530 χώρας
1275 2441 1456 2530 τὴνφύσιν
1479 2453 1506 2504 20

199 2546 219 2630 ῆ
244 2547 340 2631 ὡρῶν
363 2549 409 2621 ὡς
438 2549 553 2626 ἔχουσι
580 2547 732 2633 κράσεως
761 2552 817 2613 καί
840 2551 1009 2633 περὶτῶν
1032 2550 1229 2633 ἀνθρώπων
1252 2551 1455 2629 τοῦγένους,

200 2649 252 2710 ἔτι
276 2647 311 2711 δέ
336 2649 433 2731 οἶμαι
455 2658 517 2711 τοῦ
538 2648 695 2735 πλήθους
716 2654 773 2714 καὶ
791 2660 849 2737 τῆς
865 2661 1090 2737 παρασκευῆς,
1113 2646 1274 2736 ήμῦλλον
1290 2647 1457 2731 ἅψασθαι

200 2760 260 2837 τῆς
289 2754 521 2837 πρεσβυτέρας
550 2775 587 2816 τε
613 2755 670 2815 καὶ
697 2749 850 2833 μείζονος
881 2756 1034 2839 ἱστορίας
1057 2754 1136 2838 περί
1158 2749 1256 2814 τοῦδε
1277 2758 1339 2812 τοῦ
1359 2751 1456 2826 θεοῦ,

149 2862 190 2923 22
201 2845 280 2938 παρ’
307 2845 334 2936 ᾦ
357 2863 413 2916 νῦν
436 2857 553 2935 ἑσμεν;
584 2854 681 2930 οὗτος
703 2857 764 2940 γὰρ
790 2852 829 2940 δή
851 2859 964 2930 κοινύς
985 2857 1182 2940 ἀνθρώπων
1203 2855 1260 2916 καὶ
1280 2853 1374 2914 θεῶν
1396 2852 1457 2932 βα-

202 2951 314 3029 σιλεύς
343 2959 457 3018 τεκαὶ
479 2959 589 3041 ἄρχων
611 2959 667 3019 καὶ
690 2960 854 3040 πρύτανις
875 2960 932 3020 καί
955 2960 1082 3043 πατήρ,
1113 2959 1164 3020 ἔτι
1188 2954 1223 3019 δέ
1247 2957 1380 3041 εἰρήνης
1401 2955 1458 3016 καὶ
1479 2963 1507 3014 25

201 3053 352 3135 πολέμου
375 3060 509 3137 ταμίας,
534 3061 580 3133 ὡς
601 3064 675 3134 τοῖς
698 3063 863 3144 πρότερον
886 3061 1065 3144 ἐμπείροις
1079 3062 1136 3122 καὶ
1153 3063 1277 3144 σοφοῖς
1293 3061 1457 3142 ποιηταῖς

201 3154 324 3234 ἔδοξεν,
347 3161 406 3221 ε’όν
423 3178 497 3234 πως
518 3162 627 3223 ἱκανοί
647 3162 825 3243 γενώμεθα
849 3165 908 3247 τήν
930 3183 966 3224 τε
990 3165 1094 3248 φύσιν
1117 3163 1221 3224 αὐτοῦ
1240 3161 1297 3222 καί
1318 3154 1378 3243 τήν
1401 3156 1457 3219 δύ-

201 3280 300 3338 ναμιν
328 3262 475 3346 ὑμνῆσαι
503 3259 587 3345 λόγῳ
618 3264 740 3348 βραχεῖ
762 3267 819 3325 καὶ
841 3262 1026 3326 ἀποδέοντι
1053 3273 1113 3350 τῆς
1136 3261 1249 3342 ἀξίας,
1279 3257 1363 3323 αύτά
1388 3278 1455 3321 που

150 3371 190 3434 23
201 3368 305 3422 ταῦτα
323 3359 482 3443 λέγοντες.
521 3357 571 3449 ἀρ)
598 3366 655 3428 ούν
677 3368 760 3428 κατὰ
772 3360 930 3429 Ἡσίοδον
953 3364 1058 3451 ἀνδρα
1075 3368 1207 3448 ἀγαθόν
1222 3365 1278 3427 καί
1292 3363 1456 3435 Μούσαις

202 3461 302 3548 φίλον
331 3466 485 3549 ἀρκτέον,
516 3469 562 3542 ὡς
591 3470 716 3543 ἐκεῖνος
746 3466 837 3548 μάλα
860 3471 1039 3554 ἐμφρόνως
1069 3470 1126 3530 ούκ
1149 3469 1249 3542 αύτδς
1272 3461 1457 3549 ἐτόλμησεν
1477 3473 1507 3525 30

200 3564 377 3651 ἄρξασθαι
405 3558 483 3652 παρ’
518 3571 622 3631 αὐτοῦ
649 3568 864 3656 διανοηθείς,
895 3568 979 3632 ἀλλά
1008 3573 1069 3645 τοὶς
1092 3571 1239 3644 Μούσας
1265 3563 1462 3651 παρακαλεῖ

201 3665 435 3755 διηγήσασθαι
466 3675 545 3756 περὶ
573 3680 634 3732 τοῦ
664 3679 827 3758 σφετέρου
857 3676 1006 3757 πατρός,
1037 3671 1083 3754 τῴ
1112 3673 1216 3734 παντί
1244 3671 1306 3754 γὰρ
1329 3665 1457 3749 μᾶλλον

288 3908 302 3956 3
321 3903 351 3961 δὲ
368 3919 417 3972 pro
436 3898 467 3972 δὴ
486 3904 566 3959 UBM
643 3899 794 3978 ἀμιχάνωσ
811 3908 836 3963 U
925 3912 941 3960 4
959 3901 1095 3977 νωθρουσ
1112 3905 1151 3971 Μ,
1173 3899 1285 3961 νόθουσ
1303 3903 1387 3959 ceteri

200 3980 272 4045 ἀλλά
290 3983 450 4059 ύμετὲρουσ
468 3988 537 4053 libri,
556 4004 626 4044 corr.
644 3989 745 4045 Jacobs
816 3997 830 4044 5
848 3986 1015 4063 δσπλήττων
1027 3993 1057 4045 Μ
1127 3995 1142 4045 6
1161 3983 1363 4060 ἀναχομένουσ
1381 3988 1407 4045 U

200 4092 231 4128 τε
248 4088 298 4141 pro
316 4073 345 4130 δέ
365 4074 395 4127 Μ
448 4068 552 4130 libra
570 4067 600 4130 δ’
618 4076 698 4131 UBM
751 4075 940 4149 ὃδύραταΡ
1024 4065 1325 4142 9[πάντα-δπλων]
1343 4071 1459 4127 seclusit

199 4156 280 4211 Dind.
335 4152 569 4232 ἀνδρῶνμετάΜ
621 4156 807 4230 δήοω.Ι]ΒΜ
854 4157 1147 4241 ῙθδρήθυμοσΠΒΜ
1195 4160 1422 4216 1111.Α13-15

202 4245 233 4294 13
252 4242 295 4298 εἰσ
313 4259 364 4299 om.
379 4245 408 4298 M
459 4239 662 4318 ἀναγκαῖονΜ
730 4245 894 4316 έπιθυμυῖΡ
958 4251 988 4301 19
1001 4248 1092 4301 malim
1101 4244 1162 4303 ἐκεῖ
1171 4243 1243 4315 (με)
1313 4247 1345 4301 21
1364 4242 1458 4298 malim

200 4323 240 4388 (ὗς
258 4323 315 4397 ἔχει
384 4335 450 4402 περὶ
468 4348 501 4386 ex
519 4333 589 4387 coni.
609 4330 706 4398 addidi,
725 4337 835 4388 secutus
854 4331 994 4388 Reislrium
1059 4335 1091 4385 23
1110 4334 1176 4401 περὶ
1193 4333 1277 4387 τοῦδε
1295 4332 1349 4386 τοῦ
1366 4327 1457 4394 UBM,

199 4413 281 4466 τοῦδε
299 4428 350 4467 om.
369 4416 417 4469 PY
470 4421 501 4470 28
521 4411 660 4473 ἀποδόντι
678 4433 744 4484 mrg.
763 4417 784 4470 P
838 4421 869 4470 29
888 4413 1050 4489 τάναγκαῖα
1067 4431 1117 4486 pro
1136 4419 1226 4473 ταῦτα
1238 4413 1406 4470 Herwerden

199 4490 341 4565 λέγοντασ
357 4499 427 4565 libri,
447 4517 517 4557 corr.
536 4502 636 4556 Reiske
706 4505 736 4554 31
756 4499 893 4568 εὔξασθαι
910 4503 979 4570 libri,
997 4499 1140 4576 ἀρξασθαι
1158 4500 1258 4556 Reiske
