3068 5160
592 334 728 389 ORATIO
746 333 846 388 XXXI.
1284 336 1343 395 251

91 508 187 593 δριάς
217 499 341 590 γένοιτ’
374 511 431 585 ἀν,
460 517 623 572 τοσοῦτον
652 501 710 594 ἐφ’
736 512 864 590 ἑκάστῳ
887 506 1093 592 κερδαίνετε·
1124 506 1212 594 πλην
1235 511 1288 571 ότι
1310 529 1345 591 γε

91 614 206 685 αὐτοῖς
229 607 446 672 ἀποδίδοσθε
470 613 591 686 αύτούς
618 614 675 674 καὶ
704 613 761 672 ούκ
783 601 842 672 ἐπ’
873 607 1039 694 ἐξαγωγῇ,
1065 611 1225 695 καθάπερ
1250 611 1346 691 οἶμαι

90 714 131 774 τά
157 709 290 797 σφόδρα
314 713 446 797 πονηρά
470 711 679 798 ἀνδράποδα.
777 708 929 774 καθόλου
954 709 989 773 δὲ
1013 712 1052 773 εύ
1072 711 1144 774 ἴστε
1167 716 1221 774 ότι
1241 711 1346 798 μηδέν

91 817 165 876 ἐστι
187 821 254 876 τῶν
276 817 440 876 τοιούτων
461 821 547 897 μέγα
568 813 653 900 μηδὲ
675 817 788 895 τίμιον
812 811 932 890 άλλως,
956 815 987 875 εί
1008 816 1052 900 μη
1078 815 1171 897 παρά
1195 817 1273 890 τούς
1298 814 1346 878 δι-

52 928 66 976 5
90 914 227 993 δόντας,
256 911 314 978 ἑάν
342 914 483 980 διδῶσιν
506 920 552 992 ὡς
574 925 738 980 τοιοῦτον.
785 918 815 978 εἰ
839 914 874 978 δὲ
897 922 964 976 τῶν
988 917 1092 977 όντων
1111 919 1175 992 ό,τι
1197 918 1237 978 ἀν
1259 916 1345 1002 θέλη

90 1041 143 1092 τις
157 1015 285 1103 ῥᾳδίως
299 1021 356 1081 καί
371 1018 418 1101 τηῖ
433 1023 567 1098 τυχόντι
582 1025 773 1104 παρέχοιεν,
796 1021 877 1097 ταχύ
896 1014 987 1094 δόξει
1002 1025 1064 1079 τοῦ
1076 1014 1221 1101 μηδενός
1243 1015 1348 1094 ἀξιον.
1368 1024 1428 1084 110

93 1118 149 1183 διά
161 1129 261 1182 τοῦτο
275 1123 474 1204 σεμνότερόν
486 1123 560 1184 ἐστι
571 1124 609 1184 τδ
623 1114 708 1205 παρ’
723 1124 800 1201 ύμῖν
811 1119 981 1206 κληθῆναι
993 1120 1042 1193 εἰς
1054 1117 1239 1203 προεδρίαν
1256 1118 1349 1197 άπαξ

91 1231 151 1307 της
174 1213 261 1305 παρ’
288 1226 417 1306 ἑτέροις
439 1225 577 1299 εἰκόνος.
614 1226 671 1286 καί
692 1226 730 1285 τό
745 1226 806 1303 μὲν
829 1227 916 1303 ύμάς
929 1222 1144 1305 καθημένους
1166 1223 1349 1283 ἐπαινέσαι

93 1322 264 1406 λαμπρόν·
278 1321 377 1386 ἄλλοι
390 1322 425 1386 δὲ
438 1323 514 1387 οὐδὲ
528 1327 568 1387 ἀν
580 1323 789 1410 διαρραγῶσι
802 1328 998 1408 κεκραγότες
1010 1325 1047 1384 ού
1062 1320 1217 1385 δοκοῖσιν
1228 1325 1350 1397 ἱκανῶς

41 1435 70 1485 10
91 1432 199 1505 τιμάν.
237 1427 295 1487 τόν
308 1417 515 1505 Ὀλυμπίασι
538 1432 706 1512 στέφανον
730 1425 802 1488 ἴστε
826 1424 1002 1511 δήπουθεν
1025 1423 1159 1488 ἐλάϊνον
1182 1427 1271 1502 ύντα,
1294 1428 1350 1488 καί

92 1536 211 1589 τοῦτον
227 1524 350 1588 πολλοί
364 1530 632 1613 προτετιμήκασι
643 1536 705 1589 τού
716 1524 782 1613 ζῆν,
801 1528 872 1606 ούχί
886 1536 946 1612 τῆς
964 1531 1037 1590 έκεῖ
1048 1532 1218 1613 φυομένης
1233 1524 1350 1601 ἐλαίας

93 1632 233 1713 ἐχούσης
255 1651 290 1690 τι
312 1629 525 1708 θαυμαστόν,
549 1621 625 1689 ἀλλ’
652 1632 705 1691 ότι
725 1632 770 1715 μη
795 1627 924 1714 ῥᾳδίως
944 1621 1027 1714 μηδ’
1052 1632 1112 1691 ἐπὶ
1125 1627 1235 1713 μικρῷ
1259 1626 1349 1691 δίδο-

92 1753 158 1793 ται.
202 1739 381 1814 τοιγαροῦν
404 1733 539 1812 έγγιστα
563 1723 633 1816 [ἐφ’
658 1725 775 1816 ημῶν],
799 1734 845 1806 ὡς
868 1733 1073 1808 ἐπίστασθε,
1099 1739 1166 1792 τῶν
1190 1732 1349 1814 αύτοκρα-

92 1836 201 1916 τόρων
222 1854 276 1907 τις
299 1835 386 1894 ούτω
412 1830 545 1917 σφόδρα
568 1833 700 1918 ηττηθη
717 1841 775 1893 τοῦ
793 1835 992 1916 πράγματος
1006 1836 1062 1895 καί
1077 1834 1276 1917 ἐπεθύμησε
1291 1843 1350 1919 τῆς

43 1943 70 1993 15
92 1938 165 1997 ε’κεῖ
182 1937 274 2018 νίκης
298 1936 384 1996 ὥστε
406 1935 463 1995 καί
485 1934 726 2014 ἀγωνίσασθαι
749 1926 834 2017 παρ’
856 1925 1019 2010 Ἠλείοις,
1048 1936 1104 1995 καί
1130 1942 1249 1996 τοῦτον
1272 1938 1349 2018 ύρον

93 2037 293 2120 ηγήσασθαι
314 2044 374 2119 της
398 2032 623 2114 εὐδαιμονίας.
663 2037 693 2097 εί
717 2033 755 2097 δέ
775 2055 811 2117 γε
828 2038 959 2109 πάντας
976 2037 1183 2119 ἐστεφάνουν
1199 2039 1277 2111 τούς
1293 2040 1352 2099 ἐπὶ

94 2141 153 2222 τὴν
165 2138 253 2197 θέαν
269 2137 536 2220 ἀφικνουμένους
552 2143 619 2198 τῶν
634 2141 835 2221 ηγουμὲνων,
852 2139 926 2198 τίνα
939 2131 1015 2216 (ἀν)
1031 2131 1128 2221 ζῆλον
1143 2139 1162 2222 ἢ
1181 2140 1285 2200 ποίαν
1301 2141 1352 2201 έτι

97 2235 197 2314 δόξαν
220 2239 314 2316 ἔσχεν
338 2239 357 2298 ό
381 2242 549 2321 στέφανος
556 2259 567 2312 ;
591 2235 675 2298 ἀλλά
699 2241 845 2313 ἐκείνους
867 2244 904 2320 γε’
927 2256 1015 2323 φασι
1035 2236 1121 2323 μηδὲ
1137 2240 1198 2313 τάς
1213 2241 1351 2302 έπιστο-
1372 2248 1428 2324 111

97 2337 156 2412 λάς
181 2336 280 2415 λύειν,
304 2342 344 2413 άς
367 2341 407 2400 ἀν
429 2337 591 2423 γράψωσι
613 2347 679 2401 τῶν
703 2338 863 2424 ἀθλητῶν
885 2361 961 2402 τινα
986 2342 1211 2417 συνιστάντες,
1234 2344 1351 2427 πρίνῆ

45 2451 73 2501 10
96 2442 313 2525 ἀγιονίσηται.
364 2443 420 2503 καί
448 2448 547 2502 τοῦτο
578 2439 696 2504 ούδένα
730 2444 875 2502 πώποτε
904 2442 1019 2516 αύτσῖς
1049 2443 1162 2526 ἤνεγκε
1190 2441 1352 2521 κίνδυνον,

97 2541 181 2605 ἀλλά
204 2545 399 2605 τούναντίον
422 2545 521 2628 τιμην
543 2545 600 2606 καὶ
625 2545 767 2605 ἔπαινον
795 2542 843 2624 τῴ
874 2541 984 2605 δοκεῖν
1013 2540 1129 2620 ἀξίους
1157 2544 1245 2607 εἶναι
1273 2547 1353 2629 βρα-

94 2650 205 2730 βεύειν
227 2649 285 2708 τόν
308 2649 430 2729 ἀγῶνα.
518 2649 562 2731 μὴ
586 2647 648 2729 γάρ
673 2644 794 2707 οἴεσθε
812 2637 996 2724 Ῥωμαίους
1020 2648 1126 2720 οὕτως
1149 2645 1237 2708 εἶναι
1261 2665 1353 2709 σκαι-

95 2754 153 2825 ούς
174 2752 230 2812 καὶ
253 2751 403 2829 ἀμαθεῖς
427 2751 513 2810 ὥστε
535 2745 639 2832 μηδὲν
657 2747 836 2830 αἱρεῖσθαι
850 2754 917 2808 τῶν
933 2739 995 2832 ὑφ’
1023 2749 1138 2822 αὐτοῖς
1153 2744 1350 2832 ἐλευθέριον

94 2852 182 2914 εἶναι
202 2849 287 2935 μηδὲ
310 2850 411 2913 καλόν
433 2843 631 2935 (κάγαθόν),
656 2845 741 2908 ἀλλά
763 2844 954 2927 βούλεσθαι
975 2847 1102 2929 μᾶλλον
1125 2847 1350 2935 ἀνδραπόδων

43 2962 71 3012 15
92 2959 236 3036 κρατεῖν.
282 2953 354 3014 εἶτα
373 2945 503 3014 Ἠλεῖοι
524 2954 585 3031 μέν
609 2953 716 3025 οὕτως
738 2945 873 3025 ἀξιοῦσι
895 2952 936 3012 τά
961 2955 1098 3028 ἑαυτῶν,
1126 2943 1262 3029 οὐδενός
1284 2957 1351 3017 Πε-
1370 2961 1430 3022 111

96 3053 329 3139 λοποννησίιον
351 3056 435 3114 κατά
457 3072 494 3133 γε
516 3049 622 3113 τάλλα
646 3053 804 3131 ἀμείνους
826 3054 937 3127 ὄντες·
966 3056 1061 3133 ὑμεῖς
1088 3051 1123 3115 δὲ
1147 3057 1226 3130 τούς
1249 3076 1350 3141 παρι-

96 3159 195 3230 όντας
220 3153 402 3231 δεδοίκατε,
425 3156 485 3216 κάν
508 3157 565 3216 ένα
588 3155 663 3216 τινά
679 3157 723 3239 μη
743 3156 887 3238 στησητε
902 3152 1055 3233 χαλκοῖν,
1077 3159 1137 3241 την
1152 3154 1350 3242 ἐλευθερίαν

10 3269 80 3320 1511)
96 3257 215 3319 οἴεσθε
239 3253 426 3337 ἀποβαλεῖν
433 3278 445 3331 ,·
467 3247 541 3317 ἀλλ’
567 3254 603 3317 εἴ
620 3276 656 3337 γε
679 3258 765 3317 σύτω
787 3253 920 3340 σφόδρα
936 3255 1132 3342 ἐπισφαλής
1154 3260 1246 3320 ἐστιν
1263 3261 1351 3323 ὥστε

180 3495 190 3544 1
211 3493 373 3561 κερδανεῑτε
391 3489 464 3545 UBT
482 3493 662 3560 κερδανεῖται
680 3488 723 3555 Μ,
746 3503 814 3542 corr.
838 3487 1015 3542 casaubonus
1119 3493 1135 3542 1
1153 3483 1348 3547 ἀποδίδοσθαι

91 3575 147 3631 MU
216 3566 341 3646 4μὲγαν
358 3575 389 3629 Μ
458 3577 603 3631 5δίδωσιν
620 3575 646 3629 U
732 3572 814 3630 θόλοι
831 3573 911 3628 UMT
997 3571 1169 3647 6παρὲχειν
1187 3575 1256 3640 libri,
1276 3590 1347 3630 corr.

91 3661 188 3728 Pflugk
276 3665 289 3713 7
308 3657 343 3717 τὸ
362 3665 501 3733 κληθῆναι
518 3653 593 3733 παρ’
612 3657 725 3732 ἑτέροιο
742 3658 786 3714 εἰσ
803 3659 961 3730 προεδρίαν
978 3649 1058 3726 ἀπαξ
1074 3663 1127 3730 τῆο
1144 3653 1218 3730 παρ’
1236 3657 1349 3731 ἑτέροιο

90 3743 208 3803 εἰκόνοσ
225 3746 280 3800 ΒΜ
298 3741 332 3802 τὸ
355 3750 492 3818 κληθῆναι
510 3740 585 3818 παρ’
604 3740 718 3813 ἑτέροιο
736 3738 852 3799 είκόνοο
869 3745 943 3808 (cett.
961 3751 1026 3811 om.)
1043 3746 1078 3810 U,
1097 3744 1143 3814 qui
1160 3745 1296 3800 aberravit
1313 3745 1349 3800 ad

573 3849 614 3885 πα
656 3848 722 3884 νίν

90 3901 205 3954 alterum
231 3895 306 3972 παρ’
328 3895 449 3970 ἑτέροιο.
471 3930 505 3939 -
526 3895 561 3955 τὸ
588 3849 726 3968 κλλθῆλιαι
753 3899 806 3964 τῆο
832 3891 905 3968 παρ’
929 3894 1043 3967 ἑτέροιο
1069 3892 1186 3953 εἰκόνοο
1210 3896 1249 3964 Τ,
1277 3913 1349 3953 corr.

90 3983 170 4054 Emp.
248 3984 401 4055 ΘὴμάοΤ
489 3975 605 4039 9ούδὲν
622 3977 660 4039 ἀν
676 3982 702 4036 U
721 3975 786 4038 ούδὲ
803 3977 859 4039 κάν
876 3982 931 4036 ΜΤ
949 3982 1007 4048 (sed
1024 3982 1053 4035 M
1070 3977 1126 4039 κάν
1143 3981 1170 4036 in
1187 3987 1292 4047 rasura)

93 4073 123 4124 11
143 4073 254 4143 σμικρῷ
270 4071 294 4123 Β
393 4073 424 4122 13
443 4063 558 4140 ἔγγιστα
577 4071 603 4121 et
620 4060 671 4137 ἐφ’
692 4061 775 4139 ἡμῶν
797 4083 852 4122 non
874 4082 955 4135 posse
973 4067 1100 4136 coniungi
1124 4072 1200 4122 ratus
1216 4083 1283 4133 sum,
1301 4067 1350 4123 sed

90 4153 125 4208 cf.
151 4169 179 4224 p.
199 4158 262 4219 ου,
285 4157 317 4207 33
428 4157 458 4205 15
482 4147 577 4223 ῆιιοισ
603 4151 633 4205 Μ
658 4145 825 4222 ηἰειουσΤ
931 4157 959 4206 ιι
987 4147 1025 4209 όν
1050 4153 1141 4208 addidi
1253 4149 1347 4209 11ιὸ

90 4239 186 4294 δοκεῖν
203 4239 233 4292 Μ
338 4241 370 4291 11
393 4233 465 4294 εἶναι
488 4227 584 4294 ούτωσ
607 4239 633 4293 U
656 4232 729 4294 εἶναι
753 4227 871 4293 οδτωΤ
893 4237 956 4302 (hoc
979 4238 1047 4304 ord.)
1134 4241 1165 4291 23
1190 4237 1275 4310 μηδὲν
1292 4238 1349 4295 ΗΜ

88 4321 196 4392 μηδένα
216 4322 262 4374 ΒΤ
332 4326 365 4377 24
382 4315 547 4395 (κάγαθόν)
564 4321 668 4376 addidit
685 4322 804 4377 Cobetus
908 4313 1032 4392 15111ιοι
1051 4322 1080 4376 Μ
1183 4317 1293 4390 ἀξιοῦσι
1312 4320 1347 4381 τὰ

90 4402 200 4461 ἑαυτῶν
217 4406 261 4460 vix
278 4421 375 4462 sanum
449 4412 481 4462 16
500 4401 624 4477 ἀμίνοοο
641 4407 672 4462 Μ
750 4411 783 4461 18
802 4401 980 4480 ἀποβάλλειν
996 4407 1066 4472 libri,
1085 4423 1154 4464 corr.
1174 4408 1279 4467 selden.

90 4481 185 4547 οότωσ
202 4491 276 4547 UBT
