3068 5160
649 354 785 413 ORATIO
803 353 915 408 XXXV.
1347 340 1408 399 333

146 566 214 628 μαι
237 541 301 626 γάρ
326 528 448 612 αάτοάς
464 535 735 620 καταφρονήσειν
760 535 879 614 σαφῶς
896 523 954 609 [ὡς
970 528 1071 607 έγωγε
1087 529 1142 584 νῦν
1159 510 1337 597 πέπονθα]
1354 517 1410 576 καί

114 639 192 715 1)οά
217 642 373 728 ξυνήσειν
396 635 548 724 ἀλλήλων
570 641 667 721 ημᾶς,
693 633 767 694 οὔτε
783 632 841 709 ἐμὲ
864 636 930 691 τῶν
954 629 1142 688 ἀκουόντων
1166 622 1241 683 οὔτε
1264 619 1410 690 ἐκείνους

150 756 216 814 τοῦ
243 743 407 828 λέγοντος.
453 743 573 803 τούτου
603 735 638 799 δὲ
666 734 776 797 αἴτιον
805 734 906 813 ἔγωγε
934 731 1034 813 θείην
1056 715 1096 787 ἀν
1119 724 1263 803 ἐμαυτὸν
1284 717 1409 801 μᾶλλον

152 841 293 938 ἢδμοῖς.
423 844 485 922 μία
514 843 574 920 μὲν
605 839 662 900 οὖν
686 837 767 919 αὕτη
793 837 969 918 πρόφασις
992 838 1053 892 τοῦ
1074 823 1268 912 προελθεῖν.
1314 823 1447 905 έτέραδ

119 951 192 1017 ίδέ
215 953 255 1013 τὸ
281 947 472 1034 φοβεῖσθαι
493 946 537 1028 μη
563 939 750 1025 διαφθαρῶ
775 925 876 1008 αὐτὸς
899 932 956 996 διά
987 935 1046 1018 τὴν
1068 922 1231 1012 ὑμετέραν
1253 918 1411 1007 ὑποψίαν

155 1055 214 1117 καί
235 1050 284 1133 τῷ
308 1053 381 1112 όντι
402 1047 532 1125 νομίσω
549 1046 729 1127 προσεῖναι
747 1035 935 1099 σπουδαῖόν
958 1057 992 1096 τι
1007 1030 1150 1114 ἐμαυτῷ.
1189 1025 1335 1112 μεγάλης
1350 1029 1411 1109 γάρ

159 1153 316 1227 διανοίας
343 1152 400 1213 καί
423 1147 594 1227 δυνάμεως
617 1146 704 1206 έοικε
728 1139 814 1217 δεῖν,
844 1142 923 1201 όταν
952 1139 1180 1216 θαυμάσωσιν
1210 1135 1267 1193 ένα
1292 1126 1414 1190 πολλοί

158 1258 216 1320 καί
239 1252 414 1339 διαφέρειν
436 1255 584 1335 ἡγῶνται
606 1252 671 1307 τῶν
695 1241 822 1319 ἀλλων,
854 1244 884 1303 εί
914 1238 1029 1321 μέλλει
1059 1239 1248 1321 σωφρονεῖν
1275 1231 1373 1305 οὗτος
1397 1234 1414 1293 ό

160 1360 244 1444 ἀνὴρ
266 1358 323 1417 καί
345 1350 448 1438 μηδὲν
471 1353 613 1434 ἀνόητον
637 1349 779 1425 πάσχειν
801 1342 886 1428 μηδὲ
902 1343 1113 1426 ἐπαίρεσθαι
1127 1345 1200 1415 τοῖς
1214 1334 1317 1419 (τῶν)
1332 1334 1415 1398 πολ-

115 1470 140 1525 ίυ
161 1456 227 1522 λῶν
251 1455 372 1539 λόγοις,
390 1457 504 1536 ὥσπερ
522 1455 677 1533 πτεροῖς·
699 1450 859 1529 καθάπερ
874 1449 932 1507 τόν
944 1435 1096 1524 Ἀχιλλέα
1120 1442 1305 1525 πεποίηκεν
1314 1433 1415 1524 Ὅμη-

161 1579 220 1646 ρος
237 1556 294 1621 διά
309 1561 368 1642 τὴν
384 1551 581 1632 ἀλαζονείαν
597 1544 663 1612 ὑπὸ
680 1558 746 1612 τῶν
762 1546 877 1610 όπλων
892 1550 1117 1630 ἐπαιρόμενον
1132 1545 1189 1604 καί
1212 1545 1414 1627 φερόμενον·

305 1657 352 1741 τῷ
376 1650 408 1720 δ’
441 1657 520 1718 αὖτε
544 1654 650 1736 πτερά
673 1642 795 1733 γίνετ’,
825 1651 917 1733 ἀειρε
941 1646 976 1710 δέ
1001 1651 1147 1727 ποιμένα
1173 1643 1270 1707 λαῶν.
1433 1649 1450 1706 7

248 1759 343 1848 ηλίκη
361 1757 398 1821 δέ
413 1761 505 1820 ἐστιν
520 1762 539 1838 η
556 1763 622 1815 τῶν
636 1751 771 1814 πολλῶν
789 1749 929 1831 δύναμις
944 1759 1005 1811 τοῦ
1021 1750 1159 1810 πείθειν
1175 1751 1202 1824 ό,
1219 1770 1253 1808 τι
1266 1750 1306 1808 ἀν
1321 1749 1417 1809 αάτοί

161 1863 325 1936 θέλωσιν,
341 1863 400 1937 οὐχ
415 1864 535 1941 ἥκιστα
552 1858 621 1916 ἀπό
638 1862 705 1915 τῶν
721 1850 856 1914 παίδων
874 1854 986 1932 μάθοι
1001 1872 1053 1924 τις
1070 1854 1120 1926 ἀν,
1144 1854 1223 1911 όταν
1240 1851 1414 1932 ἀνθρώπῳ

116 1972 143 2025 1⁶
164 1969 399 2048 σωφρονοῦντι
414 1956 581 2042 παιδάρια
599 1954 782 2039 ἀκολουθῇ,
801 1959 974 2041 φάσκοντα
990 1954 1187 2033 μαίνεσθαι.
1225 1953 1263 2011 τὸ
1279 1952 1339 2029 μὲν
1355 1951 1417 2032 γάρ

165 2073 302 2150 πρῶτον
318 2065 457 2123 άπεισιν
474 2062 667 2142 ἀγανακτῶν
683 2050 767 2120 καθ’
789 2060 900 2133 αὐτόν,
924 2058 1044 2117 ἔπειτα
1062 2054 1281 2138 προσκρούων
1296 2054 1419 2114 ἀείκαὶ

166 2164 425 2249 λοιδορούμενος
447 2165 574 2243 ἑκάστῳ
602 2162 659 2223 καί
683 2158 813 2222 διώκων
836 2161 917 2220 αάτό
939 2166 1038 2219 τοῦτο
1062 2157 1205 2232 ἔπαθεν,
1228 2154 1344 2240 ἐξέστη
1368 2178 1418 2219 τε·

166 2266 301 2343 λευτῶν,
322 2267 379 2327 καὶ
400 2268 459 2350 τὴν
483 2266 596 2349 φημην
620 2260 768 2342 ὑπέλαβε
792 2263 876 2324 θεὸν
892 2261 989 2334 εἶναι,
1014 2261 1051 2320 ου’
1067 2263 1170 2339 μόνον
1192 2262 1251 2344 την
1273 2266 1340 2320 τῶν
1363 2261 1418 2320 ἀν-

166 2367 266 2453 δρῶν,
290 2364 374 2428 ἀλλὰ
396 2368 452 2428 καί
474 2368 533 2451 τὴν
555 2372 622 2426 τῶν
646 2362 789 2426 παίδων.
836 2361 932 2425 δοκεῖ
951 2359 988 2423 δέ
1009 2382 1070 2441 μοι
1091 2364 1148 2424 καί
1169 2364 1207 2422 τό
1231 2369 1297 2422 τῶν
1322 2363 1456 2446 σοφι-8

116 2481 144 2533 20
167 2478 257 2533 στῶν
279 2473 374 2550 γένος
395 2469 550 2531 ἐντεῦθεν
583 2465 752 2544 αὔξεσθαί
775 2467 896 2527 ποθεν.
942 2461 1083 2526 ἐπειδάν
1107 2461 1229 2526 πολλοί
1252 2466 1421 2526 νεανίσκοι

170 2569 294 2656 σχολὴν
309 2573 444 2651 ἀγοντες
465 2575 521 2633 ένα
537 2565 741 2649 θαυμάζωσι
758 2566 942 2653 πηδῶντες,
965 2566 1125 2649 καθάπερ
1145 2568 1181 2626 αί
1196 2569 1326 2645 Βάκχαι
1342 2569 1421 2649 περί

170 2676 231 2735 τόν
252 2674 427 2750 Διόνυσον,
450 2680 546 2733 πᾶσα
570 2673 693 2754 ἀνάγκη
717 2679 835 2732 τοῦτον
858 2672 916 2730 τόν
940 2670 1127 2750 ἀνθρωπον
1153 2669 1190 2728 οά
1214 2666 1330 2749 πολλῷ
1355 2689 1422 2728 τινι

164 2777 275 2858 χρόνῳ
300 2768 453 2854 [πολλοῖς
476 2781 543 2834 τῶν
567 2767 689 2851 ἀλλων]
723 2769 819 2846 δόξαι
847 2791 881 2831 τι
905 2768 1020 2851 λέγειν.
1068 2766 1184 2846 σχεδόν
1212 2772 1274 2850 γάρ
1306 2772 1421 2852 ὥσπερ

169 2877 204 2938 οί
225 2879 334 2957 γονεῖς
365 2872 588 2954 διαλέγεσθαι
616 2873 657 2931 τά
681 2869 803 2933 παιδία
827 2871 1061 2946 διδάσκουσιν,
1085 2873 1144 2932 ἐπὶ
1167 2874 1270 2933 παντί
1288 2873 1422 2955 χαίρον-

119 2987 149 3038 ῶ
169 2998 223 3053 τες
245 2980 272 3055 ό,
300 2998 335 3038 τι
358 2977 399 3037 ἀν
423 2974 583 3036 εἴπωσιν
614 2973 729 3034 οάκοῦν
752 2976 787 3035 ἐκ
808 2980 936 3039 τούτων
966 2979 1096 3058 θαρρεῖ
1113 2977 1169 3037 καί
1190 2971 1316 3052 μᾶλλον
1340 2977 1423 3058 πρό·

171 3096 238 3142 εισι
260 3081 317 3140 καί
341 3081 552 3162 σαφέστερον
574 3076 627 3138 ἀεί
649 3071 839 3158 διαλέγεται
861 3083 917 3141 καί
938 3078 1034 3153 τέλος
1056 3077 1204 3161 ἐξέμαθε
1226 3081 1285 3163 τὴν
1309 3079 1424 3162 φωνην

169 3188 236 3242 τῶν
260 3178 440 3256 ξυνόντων,
468 3181 526 3241 ἐάν
554 3201 590 3242 τε
604 3173 757 3266 Ἕλληνες
783 3181 867 3243 ὦσιν
896 3183 954 3243 ἐάν
983 3204 1019 3243 τε
1047 3184 1230 3266 βάρβαροι·
1263 3182 1319 3242 καί
1346 3181 1425 3253 τοὺς

172 3282 341 3366 σοφιστάς
365 3283 488 3365 ἀνάγκη
512 3284 570 3367 την
594 3281 748 3345 διάνοιαν
771 3292 838 3345 τῶν
861 3285 1034 3367 ἀκροατῶν
1057 3282 1254 3365 ἀναλαβεῖν,
1284 3291 1424 3344 τοιαῦτα

169 3385 228 3446 καί
251 3379 483 3464 λέγοντοςκαὶ
506 3381 765 3465 διανοουμένους
788 3387 907 3447 όποῖοί
929 3377 1010 3446 ποτ’
1040 3388 1080 3448 ἀν
1104 3385 1198 3449 οὗτοι
1220 3387 1425 3466 τυγχάνωσιν

123 3497 151 3550 20
173 3488 276 3559 ὄντες.
323 3487 389 3547 είσί
411 3482 446 3546 δέ
471 3487 504 3546 οἱ
520 3483 658 3562 πλείους
681 3490 841 3562 ἐπιεικῶς
864 3484 998 3571 ἠλίθιοι
1022 3489 1078 3549 καί
1101 3485 1283 3566 δυστυχεῖς.
1330 3484 1462 3560 οδτοςθ

172 3591 234 3670 μὲν
267 3586 323 3650 οὖν
353 3586 434 3664 ’ίσως
464 3589 502 3648 οά
524 3594 627 3670 μέγας
656 3587 824 3666 κίνδυνος,
855 3589 959 3663 εἴτις
989 3587 1078 3669 αὑτηῖ
1106 3589 1162 3649 καί
1185 3593 1313 3672 ἑτέροις
1337 3588 1432 3652 δοκεῖ

173 3748 276 3756 ---——-
542 3750 668 3756 --—-
1296 3749 1424 3757 ——...—.

263 3839 276 3889 1
290 3836 417 3893 πέποιθα
429 3839 508 3908 Emp.
561 3833 601 3904 ἀς
614 3870 644 3878 -
659 3839 793 3896 πέπονθα
806 3853 823 3892 a
836 3853 886 3892 sua
898 3838 962 3893 sede
973 3839 1166 3895 aberraverunt
1179 3840 1214 3896 cf.
1225 3840 1260 3893 ad
1272 3843 1332 3904 332,
1345 3844 1376 3893 25

175 3924 259 3978 2καί
276 3921 328 3976 δελ.
346 3922 424 3990 Emp.
505 3916 642 3993 ἀλλήλους
658 3924 708 3979 UT
783 3928 850 3995 3γε
867 3940 916 3993 pro
935 3925 964 3982 δὲ
981 3925 1031 3981 UT
1105 3920 1377 3996 ’ίθαυμάσονσινΤ

176 4005 363 4076 8μέλλονΜ
379 4023 414 4060 m.
432 4022 474 4074 pr.
561 4012 652 4063 9τῶν
670 4009 731 4063 add.
751 4010 859 4065 Geelius
948 4016 976 4064 11
997 4004 1154 4079 ἀλαζονίαν
1170 4013 1200 4067 Μ
1290 4015 1319 4065 12
1337 4030 1428 4082 πτερα

176 4089 341 4146 hisexar.U
394 4083 542 4160 γείνετ’Μ
594 4092 629 4145 cf.
642 4091 674 4147 11.
687 4092 813 4149 XIX386
862 4093 1036 4166 ίθῇόίκηΜ
1082 4091 1148 4152 δἸλ
1199 4102 1230 4151 14
1243 4095 1378 4153 λκισταΜ

178 4171 258 4246 μάθη
276 4174 300 4228 Τ
387 4178 419 4228 23
437 4179 556 4240 πολλοῖς
573 4180 631 4232 τῶν
649 4173 743 4236 ἀλλων
760 4186 902 4249 σωτηρία,
926 4179 1061 4234 desidero:
1083 4176 1174 4251 <ὖ>πὸ
1194 4186 1243 4252 τῆς
1261 4185 1319 4238 τῶν
1337 4178 1430 4238 ἀλλων

178 4256 281 4332 (δόξησ
298 4255 478 4332 θελγόμενον
494 4264 544 4317 καί
562 4256 656 4336 αὑτῷ)
673 4261 751 4331 δόξαι
769 4287 795 4322 τι
813 4266 905 4337 λέγειν
922 4265 964 4319 vel
981 4266 1036 4319 tale
1054 4268 1118 4336 quid
1191 4274 1222 4322 25
1243 4258 1316 4324 ὅταν
1333 4268 1362 4320 Μ

178 4343 286 4404 τούτου
303 4346 376 4401 UBT
394 4346 448 4412 (hie
465 4347 626 4417 properisp.)
680 4346 812 4422 πρόσεισι
830 4352 899 4416 libri,
918 4366 988 4404 corr.
1008 4348 1108 4404 Reiske
1160 4354 1193 4403 26
1212 4347 1336 4408 διάλεται
1354 4351 1379 4406 U

178 4436 209 4487 31
232 4423 284 4488 οὖν
301 4447 353 4487 om.
372 4431 402 4486 M
485 4427 564 4508 αὑτῷ
583 4433 698 4490 Oasaub.
784 4428 862 4509 αὐτῷ
880 4434 932 4488 ΒΜ
951 4429 1022 4492 αὐτὸ
1041 4433 1090 4490 UT
1177 4433 1285 4509 ἑτέροις
1304 4435 1430 4503 casaub„

178 4513 279 4589 ἕτερος
295 4516 370 4585 libri;
388 4517 571 4573 scribendum:
591 4514 666 4585 δόξει
