3068 5160
198 290 260 349 232
663 286 786 342 DIONIS
805 284 994 341 RHODIAOA

201 484 298 548 τερον
320 467 493 541 κειμένους
516 464 647 536 πάντας
669 463 783 545 ήτούς
798 481 833 543 γε
850 457 1031 534 πλείστους
1048 450 1095 521 δι’
1121 458 1334 543 εὐεργεσίαν
1353 459 1469 543 φήσετε

201 566 355 650 τεθῆναι,
379 571 445 626 τῶν
469 560 504 624 δέ
528 571 583 625 νῦν
606 567 804 642 τιμωμένων
828 559 976 636 πολλοὺς
999 552 1045 623 δι’
1072 561 1167 640 ίσχόν
1183 560 1471 644 θεραπεύεσθαι.

203 669 241 728 τὸ
264 667 325 745 μέν
348 662 385 750 δή
411 669 578 749 ποτέρους
601 665 710 726 αὐτῶν
734 662 943 748 δικαιότερόν
965 666 1039 726 ἐστι
1058 662 1253 724 ποιεῖσθαι
1277 663 1370 746 περὶ
1386 660 1472 726 πλεί·

203 787 280 841 ονος
302 769 410 828 ἐάσω·
434 768 472 827 τό
497 762 543 843 δέ,
567 768 598 828 εί
619 770 663 852 μή
688 775 777 828 πᾶσι
798 767 839 827 τὰ
857 762 1004 826 δοθέντα
1021 761 1160 838 δικαίως
1175 759 1352 848 ὑπάρξει,
1379 771 1472 828 ποτί-

200 889 280 952 ρους
312 865 440 948 μᾶλλον
474 870 562 943 είκός
596 861 656 930 ἐπ’
694 866 805 954 ἀδήλῳ
843 864 1024 948 λαμβάνειν
1055 857 1127 928 οὐδ’
1160 867 1294 940 αὐτους
1336 869 1497 942 τούτουςν

202 970 375 1034 λανθάνει.
421 968 547 1044 πάντες
575 971 636 1055 γὰρ
669 968 802 1032 οἴδασιν
831 973 898 1050 όσιμ
928 969 1144 1053 βεβαιότερόν
1167 969 1269 1029 ἐστιν
1294 967 1474 1052 εὐεργεσία

201 1071 382 1154 δυνάμεως.
435 1075 528 1152 ίσχόν
557 1073 701 1157 μὲνγὰρ
732 1073 789 1133 οὐκ
817 1073 910 1133 ἐστιν
932 1073 1048 1155 ήντινα
1079 1071 1137 1131 οὐκ
1164 1070 1317 1154 ἀναιρεῖ
1343 1073 1474 1154 χρόνος,

146 1181 187 1241 44
202 1177 393 1260 εὐεργεσίαν
417 1172 452 1236 δέ
477 1172 645 1254 οὐδεμίαν.
691 1166 737 1235 ἵν’
764 1174 820 1235 οδν
844 1176 902 1260 τήν
924 1169 1113 1257 ὑπερβολήν
1139 1172 1275 1254 ἐκείνην
1307 1172 1395 1257 ἀφῇ
1418 1194 1472 1250 τις,

200 1275 313 1362 ἀληθῆ
342 1279 471 1359 τρόπον
493 1277 569 1336 τινὰ
594 1275 712 1352 οόσαν,
743 1278 781 1336 τό
805 1278 892 1359 πρός
919 1277 979 1360 τήν
1008 1271 1108 1335 πόλιν
1136 1269 1358 1357 ἀηδέστερον
1392 1274 1473 1353 ἐχειν

200 1382 279 1453 τούς
303 1380 390 1439 οὕτω
413 1378 587 1456 τιμᾶσθαι
610 1373 789 1462 ζητοῦντας
811 1379 867 1438 καί
888 1380 926 1439 τό
959 1377 1142 1458 συμβαῖνον
1170 1375 1221 1449 είς
1253 1375 1366 1458 ὕβριν
1398 1372 1501 1455 λαμ-11

200 1473 315 1560 βάνειν
343 1481 399 1541 καί
426 1482 679 1563 καταφρόνησιν
708 1483 852 1539 έαυτῶν·
888 1475 972 1539 ἀλλὰ
1008 1480 1108 1540 τοῦτό
1139 1496 1176 1559 γε
1212 1473 1360 1538 εἰδέναι
1392 1480 1474 1564 φημί

200 1582 348 1662 βεβαίως
370 1583 424 1642 ότι
445 1577 529 1664 μηδὲ
550 1578 648 1664 χάριν
671 1582 749 1660 ὑμῖν
770 1577 937 1664 μηδεμίαν
954 1578 1069 1642 οἴδασι
1084 1568 1164 1663 μηδ’
1191 1575 1339 1641 οἴονται
1357 1573 1473 1663 τυγχά·

200 1704 269 1745 νειν
296 1679 456 1767 μηδενός,
485 1684 523 1742 τό
553 1685 746 1763 γιγνόμενον
775 1679 904 1757 είδότες
931 1685 988 1744 καί
1009 1685 1068 1768 τήν
1096 1678 1328 1766 ῥᾳδιουργίαν
1356 1684 1423 1768 τήν
1444 1685 1473 1745 ἐν

202 1782 301 1866 αὐτῷ.
347 1786 434 1868 πρός
456 1791 518 1844 τοῦ
537 1785 633 1861 Διός,
658 1775 731 1846 εἶθ’
758 1785 778 1843 οἳ
800 1786 856 1846 καί
878 1787 1006 1846 τούτων
1030 1781 1216 1863 δεχομένων
1233 1783 1300 1844 οὐκ
1317 1785 1420 1860 εἰκός
1440 1781 1473 1869 ήν

201 1887 433 1972 ἀφαιρεῖσθαι
456 1887 756 1970 τοδςέμπροσθεν
780 1882 973 1971 εἰληφότας,
997 1894 1102 1948 ταῦτα
1125 1886 1379 1970 ἀφαιρώμεθα
1401 1890 1503 1962 τοδςί

148 1996 189 2054 45
202 1991 339 2069 ἔχοντας
363 1986 438 2051 οὐδὲ
462 1993 591 2072 έτέροις
614 1981 794 2070 διδόντες,·]
818 1990 875 2050 καὶ
895 1991 960 2073 μήν
983 1987 1018 2049 εἴ
1035 2008 1071 2070 γε
1086 1990 1121 2049 ἐν
1138 1986 1224 2068 οίςή
1241 1984 1359 2063 πόλις
1386 1986 1477 2052 δοκεῖ

200 2113 292 2166 τινος
315 2089 465 2166 δεῖσθαι,
489 2093 548 2176 τήν
572 2088 726 2176 δαπάνην
748 2094 852 2171 μόνον
881 2091 1044 2171 ὀψόμεθα
1066 2091 1123 2151 καί
1144 2090 1182 2150 τό
1207 2093 1289 2162 πῶς
1315 2090 1363 2152 ἂν
1389 2092 1474 2171 εὐχε-

200 2199 346 2277 ρέστατα
369 2197 510 2273 γένοιτο,
533 2193 644 2276 μηθέν
668 2189 749 2253 ἄλλο
767 2188 986 2268 ἐξετάζοντες,
1009 2193 1045 2254 τί
1057 2188 1179 2254 κωλόει
1193 2192 1238 2276 μή
1254 2193 1374 2270 μόνον
1399 2196 1475 2255 ταό-

201 2316 261 2378 την
283 2292 446 2376 υπάρχειν
469 2296 503 2354 ἐν
533 2295 617 2372 έτοίγ
604 2314 656 2373 μῳ
686 2295 745 2377 τήν
776 2291 921 2377 δωρεάν,
953 2292 1038 2355 ἀλλὰ
1065 2294 1126 2354 κᾶν
1156 2289 1239 2354 ἄλλο
1272 2314 1310 2356 τι
1344 2293 1476 2382 θέλητε

199 2396 416 2479 χαρίσασθαί
436 2415 513 2470 τινι,
537 2403 612 2479 γην,
636 2396 809 2479 ἀργύριον,
835 2398 887 2456 οἰκ
868 2398 960 2472 κί,αν
987 2397 1066 2470 τοὺς
1088 2396 1226 2474 ἔχοντας
1248 2395 1507 2514 ἄφαιρουμέ-ίι

202 2518 297 2573 νοας,·
322 2498 341 2582 ή
373 2498 408 2558 τί
395 2493 492 2558 ίδεῖ
516 2499 644 2581 πόρους
671 2491 780 2580 ζητεῖν
809 2499 865 2558 καί
893 2499 934 2558 τὰ
963 2498 1059 2559 κοινοὶ
1088 2492 1302 2574 ἀναλίσκειν,
1336 2501 1427 2564 όταν
1455 2481 1475 2586 ᾗ

200 2697 315 2787 ή[το“ι]
344 2709 411 2764 τῶν
441 2699 592 2763 πολιτῶν
621 2720 713 2774 τινος
740 2702 760 2784 ἢ
789 2707 856 2762 τῶν
885 2703 1102 2762 ἐνοικούντων
1131 2719 1201 2784 παρ
1247 2703 1356 2780 ὑμῖν,·
1388 2703 1476 2768 ἀλλὰ

202 2807 239 2889 νή
270 2806 339 2866 Δία
370 2805 555 2888 βοήσονται
582 2805 639 2864 καί
668 2800 761 2863 δεινά
793 2804 942 2887 φήσουσι
970 2800 1123 2881 πάσχειν.
1176 2803 1298 2864 οὐκοῦν
1332 2801 1476 2882 ἐξέσται

152 2911 192 2969 46
205 2903 379 2990 δήπουθεν
408 2907 452 2990 μή
483 2909 662 2988 προσέχειν
692 2906 816 2978 αὐτοῖς.
860 2906 917 3003 καί
945 2905 1007 2989 γὰρ
1037 2906 1067 2966 εί
1096 2911 1153 2966 νῦν
1182 2905 1286 2981 εἰσιν,
1322 2899 1391 2994 ἐφ’
1420 2912 1513 2986 οόςβ

203 3008 242 3068 ἂν
272 3003 408 3067 ἔλθοιεν
437 3008 529 3085 ὑμῶν
558 3014 663 3067 ταῦτα
692 3009 899 3083 ποιούντων,
929 3008 1094 3091 πρότερόν
1123 3025 1160 3087 γε
1190 3007 1248 3067 οὐκ
1276 3003 1322 3091 ήν
1356 3013 1477 3098 έτερος

204 3105 313 3181 οὐδεὶς
335 3115 397 3168 τοῦ
418 3105 523 3192 δήμου
545 3110 755 3193 κυριώτερος.
803 3100 858 3190 ἆρ’
886 3108 942 3170 οόν
966 3110 1000 3169 οἱ
1021 3104 1099 3169 τότε
1123 3110 1216 3182 όντες
1240 3111 1335 3173 οὕτω
1363 3133 1476 3201 προσ-

204 3213 365 3294 εφέροντο
389 3214 462 3283 τοῖς
483 3210 567 3271 κατὰ
583 3215 703 3295 μέρος,·
726 3207 859 3284 πόθεν;
883 3211 917 3271 οῖ
938 3218 1036 3271 τοῦτο
1057 3207 1194 3272 πάντων
1209 3215 1359 3293 ήγοιῖντο
1373 3217 1475 3297 χαλε-

204 3313 373 3388 πώτατον,
396 3314 546 3386 καὶτοῖς
569 3313 668 3386 θεοῖς
697 3315 879 3390 ἐπείχοντο
905 3310 1078 3396 μηδέποτε
1108 3313 1275 3397 συμβῆναι
1305 3329 1475 3384 τοιοῦτον

202 3410 330 3496 καιρόν,
354 3415 389 3474 ἐν
413 3405 440 3496 ᾦ
457 3411 569 3499 δεήσει
584 3406 660 3475 κατ’
686 3411 792 3498 ἄνδρα
808 3417 947 3476 ἕκαστον
963 3416 1032 3475 ἀπό
1048 3421 1116 3476 τῶν
1132 3411 1228 3475 ίδίων
1245 3415 1476 3501 εἰσενεγκεῖν·
1494 3428 1517 3480 εί

202 3516 258 3576 καί
280 3517 317 3575 τό
348 3523 502 3577 τοιοῦτον
527 3517 680 3590 σπανίως
703 3518 788 3577 ποτέ
819 3508 903 3600 παρ’
928 3517 1006 3595 ὑμῖν
1035 3517 1198 3597 γενέσθαι
1228 3520 1361 3602 φασίν,
1396 3519 1476 3585 οὐδὲ

292 3770 302 3818 1
324 3762 445 3837 φήσεται
457 3766 486 3818 Μ
556 3771 572 3818 4
590 3782 639 3834 pro
653 3769 766 3830 δικαίως
778 3765 949 3818 scribendum
960 3767 1089 3837 βεβαίως
1159 3769 1174 3818 6
1192 3757 1333 3824 λανθάνει
1347 3768 1387 3833 Ε,
1407 3776 1475 3829 λαμ.

203 3845 305 3907 θάνειν
323 3850 405 3904 ceteri
494 3854 524 3904 10
543 3845 673 3924 τοσούτῳ
691 3850 767 3916 libri,
791 3865 861 3904 corr.
880 3849 992 3914 Reiske;
1016 3846 1084 3916 τοὺς
1102 3844 1154 3922 οὐχ
1174 3840 1250 3907 οὕτω
1268 3849 1406 3910 Hertlein

206 3938 362 4006 ζητοῦντας
380 3939 548 4003 corruptum
567 3933 631 3988 fori.
651 3938 808 4000 δοκοῦντας
896 3939 927 3988 12
945 3929 1010 4005 ὑμῖν
1028 3936 1066 4002 Ε,
1085 3935 1151 4007 ἡμῖν
1170 3935 1253 3991 ceteri
1345 3943 1380 3992 15
1401 3936 1476 3998 τοὺσ

204 4021 256 4089 μὲν
274 4013 406 4093 πρόσθεν
424 4019 470 4074 Mv
539 4013 623 4075 ταῦτ’
642 4017 679 4077 άν
696 4021 744 4073 ΒΕ
832 4012 1038 4092 άφαιρούμεθα
1056 4022 1096 4075 Bv
1179 4023 1210 4073 16
1228 4015 1364 4079 διδάντεσ
1383 4047 1476 4084 κατα·

206 4104 379 4177 ληφθείημεν
397 4104 446 4158 BE
535 4108 565 4158 18
583 4099 601 4174 ἢ
617 4121 667 4174 pro
686 4107 715 4161 τί
732 4105 779 4159 Mv
849 4109 880 4159 19
897 4101 1034 4178 ὑπάρχειν
1051 4099 1086 4177 ἣν
1105 4102 1212 4174 ἑτοίμα
1230 4121 1246 4159 v
1318 4111 1352 4162 20
1375 4111 1477 4170 οἰκίαν

205 4194 248 4246 δεῖ
264 4195 350 4247 τοῦτο
374 4198 468 4246 ποιεῖν
491 4189 540 4243 ΒΕ
633 4190 724 4244 malim
746 4184 971 4259 οἷφαιρουμένοις
1056 4194 1088 4244 23
1112 4185 1148 4247 τὰ
1166 4189 1266 4245 seclusi
1373 4216 1476 4264 μετοι-

205 4271 335 4332 κούντων
354 4275 473 4331 (iobetus
545 4268 616 4332 άλλδι
636 4271 692 4346 μὴν
714 4271 918 4346 διαβοήσονται
937 4276 984 4330 ΒΕ
1055 4279 1086 4329 27
1106 4266 1243 4332 aimon
1315 4280 1348 4332 31
1369 4285 1475 4340 καίτοι

204 4362 292 4415 τοῦτο
311 4361 381 4426 libri,
400 4376 470 4416 corr.
488 4360 568 4429 Emp.
638 4379 711 4417 ποτε
730 4363 864 4418 σπανίωσ
881 4361 952 4427 (hoc.
972 4359 1083 4428 ord.)E
1135 4354 1203 4432 ἡμῖν
1220 4359 1291 4415 BMv
1309 4358 1383 4433 ἡμῖν
1403 4371 1473 4424 mut.

203 4444 232 4497 in
249 4438 356 4512 διμῖνΕ
