3068 5160
128 304 167 363 72
589 299 713 356 DIONIS
731 299 782 355 DE
800 298 927 355 REGNO

130 476 278 552 τελώνας
300 479 357 540 καί
379 477 650 561 πορνοβοσκούς,·
672 470 757 534 ἀλλά
780 477 948 559 Δρόμωνα
970 477 1032 556 μέν
1048 476 1105 536 καί
1119 471 1313 557 Σάραμβον,
1336 473 1384 532 δτι

131 582 166 642 έν
186 571 352 665 Ἀθήναις
379 574 609 662 καπηλεύουσι
637 577 693 638 καὶ
720 577 788 637 ύπδ
808 569 1003 662 Ἀθηναίων
1031 582 1131 638 τούτο
1162 575 1327 636 ἀκούουσι
1350 574 1384 632 τύ

133 683 255 760 ὄνομα,
287 678 426 754 δικαίως
450 680 561 763 φαμέν
585 678 734 753 ἀκούειν,
763 680 911 762 Δαρεῖον
935 675 970 741 δὲ
993 679 1052 739 τδν
1076 680 1254 761 πρότερον,
1278 675 1333 734 δτι
1353 673 1383 732 έν

132 780 312 863 Βαβυλῶνι
339 783 395 844 καὶ
416 783 561 853 Σούσοις
589 774 789 862 ἐκαπήλευε,
817 781 873 841 καὶ
895 781 1029 864 Πέρσαι
1058 779 1159 840 αύτδν
1182 778 1234 838 ἔτι
1257 775 1314 836 καὶ
1335 780 1385 834 νύν

81 882 274 950 99καλούσι
295 879 458 967 κάπηλον,
487 883 524 943 ού
548 877 688 954 δικαίως
709 876 915 965 κεκλήσθαι,·
1023 878 1111 943 ἴδιόν
1133 900 1170 963 γε
1191 879 1258 963 μήν
1281 877 1383 955 τούτῳ
1401 888 1412 936 5

134 987 319 1069 συμβέβηκε
343 985 437 1068 παρά
460 985 539 1057 τούς
562 979 685 1056 ἀλλους
708 979 888 1061 δαίμονας·
918 983 1027 1045 ένίοτε
1047 984 1108 1063 μὲν
1130 983 1193 1065 γάρ
1217 981 1316 1063 άρχει
1336 977 1386 1036 καί

132 1092 252 1172 κρατεῖ
269 1095 328 1172 τῆς
349 1094 470 1170 ψυχῆς,
493 1085 601 1146 ένίοτε
625 1080 660 1144 δέ
683 1084 824 1158 ἐκείνοις
848 1088 1029 1147 συνέπεται
1051 1081 1107 1146 διά
1129 1085 1167 1145 τδ
1184 1084 1302 1164 πάσης
1318 1080 1386 1140 ἑπι-

133 1190 263 1269 θυμίας
284 1190 341 1250 καί
365 1183 517 1271 σπουδῆς
538 1188 708 1270 ὑπηρέτην
728 1187 834 1247 τεκαὶ
851 1182 1005 1248 διάκονον
1021 1187 1288 1271 ἀπροφάσιστον
1305 1179 1387 1243 εἶναι

55 1293 192 1355 10οτον
215 1287 372 1351 πλοῦτον.
432 1279 508 1348 ἀλλ’
533 1288 597 1368 ἐγὼ
622 1283 704 1368 λέγω
728 1294 784 1349 νύν
807 1289 866 1350 τὸν
890 1288 991 1350 αὐτὸν
1013 1289 1196 1373 ήγούμενον
1220 1285 1279 1346 καί
1309 1301 1386 1366 προ-

134 1394 298 1476 εστηκότα
321 1399 380 1476 τής
403 1398 465 1451 τοῦ
486 1387 667 1467 δυστυχοῦς
683 1389 872 1473 ἀνθρώπου
897 1386 1060 1466 διανοίας,
1085 1389 1160 1451 ούτε
1183 1378 1243 1473 ἐφ’
1269 1382 1386 1471 ήδονήν
1404 1393 1424 1445 10

134 1515 210 1554 τινα
240 1493 315 1554 ούτε
345 1494 395 1566 είς
418 1488 519 1567 δόξαν
542 1492 755 1575 ἀναφέροντα
778 1493 837 1575 τήν
860 1497 927 1552 τῶν
947 1493 1127 1576 χρημάτων
1148 1497 1284 1574 κτῆσιν,
1316 1482 1385 1547 ούδέ

136 1596 183 1668 ὡς
205 1591 424 1656 ἀναλώσοντα
445 1594 502 1654 καί
520 1595 728 1676 χρησόμενον
746 1589 937 1674 ξυνάγοντα,
961 1589 1119 1669 ἀνέξοδον
1136 1589 1171 1653 δὲ
1186 1592 1245 1652 καὶ
1260 1590 1387 1673 ἀχρεῖον

137 1692 349 1780 φυλάττοντα
379 1696 437 1756 τδν
460 1692 608 1756 πλοῦτον
631 1692 678 1776 τῴ
703 1696 791 1770 ἀντι,
817 1691 1056 1756 κατάκλειστον
1079 1695 1114 1755 έν
1137 1709 1208 1756 τισι
1230 1695 1388 1776 κρυπτοῖς

137 1799 193 1859 καὶ
215 1797 378 1882 ἀφεγγέσι
400 1793 583 1876 θαλάμοις.

57 1903 115 1964 101
222 1897 307 1961 εἷεν·
336 1900 354 1959 ὁ
385 1895 420 1959 δὲ
451 1896 489 1983 δή
518 1896 673 1983 δεύτερος
696 1899 777 1982 ἀνήρ
808 1918 843 1959 τε
866 1899 921 1958 καί
945 1893 1075 1976 δαίμων
1098 1896 1224 1959 ἐκείνου
1256 1902 1320 1956 τού
1340 1895 1389 1956 ἀν·
1406 1902 1427 1954 11

136 2000 230 2086 δρός,
260 2003 279 2062 δ
308 2001 349 2061 τά
378 2009 437 2086 τῆς
471 1998 594 2086 ήδονής
622 2001 821 2084 ἀναφαίνων
852 2001 948 2082 ὄργια
976 2000 1033 2060 καί
1060 2001 1119 2084 τήν
1154 1998 1240 2060 θεὸν
1269 1999 1388 2081 ταύτην

135 2098 321 2183 θαυμάζων
342 2104 399 2165 καί
428 2109 620 2187 προτιμῶν,
648 2102 793 2179 ἀτεχνῶς
814 2101 1004 2182 γυναικείαν
1026 2100 1130 2177 θεόν,
1158 2095 1319 2173 ποικίλος
1339 2099 1389 2160 καί

136 2201 318 2289 πολυειδὴς
341 2205 422 2287 περί
443 2225 479 2266 τε
500 2205 608 2283 δσμάς
622 2205 679 2265 καὶ
693 2205 823 2284 γεύσεις
839 2198 1051 2286 ἀπλήρωτος,
1074 2203 1126 2264 έτι
1141 2198 1176 2263 δὲ
1194 2199 1294 2280 οἶμαι
1317 2200 1390 2284 περὶ

136 2308 248 2367 πάντα
271 2299 367 2387 (μὲν)
390 2307 559 2389 δράματα,
584 2308 696 2366 πάντα
720 2302 756 2366 δὲ
780 2305 974 2383 ἀκούσματα
997 2304 1039 2364 τά
1062 2305 1149 2387 πρδς
1170 2299 1296 2388 ήδονήν
1319 2323 1389 2364 τινα

139 2412 302 2492 φέροντα,
332 2409 448 2481 πάσας
478 2404 513 2467 δέ
544 2407 636 2491 ἁφάς
665 2410 848 2489 προσηνεῖς
878 2425 914 2466 τε
936 2407 992 2468 καὶ
1013 2401 1166 2484 μαλακάς
1188 2401 1340 2488 λουτρῶν
1360 2409 1428 2465 τεά

139 2511 303 2593 ὁσημέραι
324 2508 463 2592 θερμῶν
488 2501 627 2590 [μᾶλλον
651 2504 686 2568 δὲ
709 2509 765 2568 καί
787 2515 846 2592 τῆς
868 2500 1016 2591 ήμέρας,]
1040 2507 1096 2567 καὶ
1114 2507 1261 2590 χρίσεων
1286 2507 1325 2566 ού
1339 2508 1390 2567 κά·

60 2611 120 2672 102
137 2630 244 2689 ματον
274 2611 441 2688 ίωμένων,
471 2611 558 2694 πρὸς
586 2607 621 2670 δὲ
646 2609 690 2670 αὖ
710 2611 844 2682 τούτοις
867 2609 1024 2692 ἐσθήτων
1046 2629 1082 2670 τε
1103 2604 1264 2686 μαλακῶν
1287 2604 1388 2684 ἕλξεις
1399 2621 1439 2672 σοι

137 2715 193 2774 καὶ
220 2709 434 2787 κατακλίσεις
463 2716 652 2796 ήσκημένας
680 2712 737 2773 καὶ
766 2707 939 2784 διακονίας
968 2710 1118 2794 ἀκριβεῖς
1139 2701 1223 2770 καθ’
1250 2712 1388 2793 ἑκάστην

138 2815 330 2894 ἐπιθυμίαν
357 2835 392 2876 τε
418 2816 475 2876 καὶ
500 2814 632 2897 χρείαν,
663 2815 742 2896 περί
767 2820 872 2873 ταῦτα
896 2814 1008 2873 πάντα
1033 2808 1152 2886 δεινῶς
1174 2813 1389 2896 ἐπτοημένος,

138 2914 285 2995 μάλιστα
312 2920 428 2995 μέντοι
449 2917 506 2978 καί
528 2917 759 2998 ἀκρατέστατα
782 2916 861 2998 περὶ
883 2916 942 2999 τήν
964 2919 1031 2974 τῶν
1050 2909 1265 2998 ἀφροδισίων
1281 2910 1426 2990 δξεῖσνύ

138 3019 194 3078 καί
223 3014 390 3100 διάπυρον
419 3017 542 3095 μανίαν
576 3013 733 3099 θηλυκῶν
761 3037 796 3077 τε
825 3017 882 3077 καὶ
911 3016 1094 3099 ἀρρενικῶν
1119 3011 1244 3094 μίξεων
1266 3017 1324 3077 καί
1345 3017 1391 3077 ἔτι

140 3115 307 3179 πλειόνων
330 3119 482 3202 ἀρρήτων
504 3119 561 3179 καὶ
584 3118 766 3195 ἀνωνύμων
785 3120 1038 3202 αἰσχρουργιῶν,
1062 3119 1122 3179 έπ1
1138 3119 1251 3178 πάντα
1269 3119 1391 3196 ὁμοίως

228 3439 239 3487 1
266 3429 439 3506 σάραμβρον
461 3433 483 3486 Ρ
508 3433 543 3487 cf.
565 3432 635 3488 Plat.
659 3432 740 3501 Gorg.
768 3433 841 3488 5181)
959 3447 1011 3502 pro
1035 3421 1082 3490 δτι
1110 3432 1283 3489 scribendum
1314 3429 1342 3490 οἳ
1368 3434 1391 3486 et

139 3535 202 3573 mox
227 3511 260 3583 δς
282 3514 315 3574 έν
338 3521 410 3589 Βαβ.
497 3510 679 3590 2άθήνεσΡ
765 3515 893 3587 τούνομα
910 3518 961 3574 UB
1047 3513 1261 3590 4έκαπήλευεν
1278 3518 1329 3576 UB

140 3608 155 3656 5
172 3605 303 3674 κάπηλον
321 3599 374 3659 οῖἐι
392 3596 436 3660 (δσ
454 3595 488 3659 ού
505 3602 554 3658 UB
632 3607 720 3661 τοῦτο
745 3603 906 3675 συμβέβηκε
929 3601 978 3659 UP
1058 3607 1074 3657 6
1091 3598 1149 3676 γάρ
1170 3599 1228 3675 δχει
1246 3603 1323 3660 UBV
1338 3595 1391 3674 γάρ

139 3688 253 3760 κατέχει
270 3687 305 3754 Ρ,
329 3701 398 3743 corr.
417 3687 561 3756 Emperius
649 3692 664 3742 8
685 3685 820 3747 διάκονον
840 3690 888 3744 καί
906 3682 1127 3759 ἀπροφάσιστον
1145 3688 1194 3745 BV
1281 3693 1297 3742 9
1321 3687 1390 3759 λέγω

139 3789 191 3826 om.
215 3773 236 3825 P
357 3767 410 3828 τὸν
437 3765 527 3828 αὐτὸν
551 3765 711 3843 ἡγούμενον
733 3774 781 3829 VP
802 3766 963 3844 ἡγούμενον
986 3766 1040 3829 τὸν
1063 3765 1153 3830 ου’τὸν
1174 3773 1224 3830 UB
1247 3769 1303 3830 τδν
1324 3771 1391 3827 delet

20 3874 21 3877 ’
140 3857 218 3925 Emp.
309 3861 339 3912 11
364 3849 568 3928 ἀναφέροντοσ
585 3857 660 3912 UBV
748 3863 778 3913 12
803 3853 1042 3915 ἀναλώσανταΠ
1130 3862 1161 3914 13
1184 3855 1215 3916 δν
1237 3858 1312 3917 τϊΡ

142 3947 173 3996 15
191 3941 274 3995 verba
290 3937 403 3998 ἐκείνου
421 3945 474 3998 τοῦ
496 3933 602 4012 ἀνδρός
623 3942 720 3996 abesse
742 3943 833 3997 malim
937 3946 968 3996 16
991 3934 1186 4016 ἀναφέρωνΡ
1292 3950 1323 4000 11
1346 3946 1392 4000 καί

139 4025 346 4095 προτείνων1ί
434 4030 465 4081 18
483 4023 630 4097 πολυειδὴς
652 4028 701 4082 καί
719 4028 824 4097 περίΡ
911 4032 942 4082 19
961 4022 1056 4084 πάντα
1080 4024 1116 4086 τά
1135 4028 1182 4084 VP
1263 4029 1317 4098 μὲν
1334 4028 1391 4083 add.

140 4111 242 4166 Reiske
346 4107 381 4168 τά
403 4114 467 4166 ante
491 4106 569 4183 πρὸσ
587 4125 639 4165 om.
658 4110 733 4166 UBV
837 4116 869 4166 20
887 4113 977 4166 malim
1000 4108 1053 4178 τὰς
1076 4121 1230 4186 προσηνεῖς
1333 4118 1392 4169 λου·

141 4201 218 4268 τρῶν
240 4195 269 4253 δὲ
290 4196 339 4253 UB
362 4251 365 4257 ,
436 4200 465 4249 21
492 4192 535 4251 ιδσ
557 4189 661 4268 ἡμέραι
683 4195 756 4251 UVP
839 4199 883 4263 dle
905 4212 955 4266 pro
978 4201 1027 4254 καί
1049 4197 1111 4264 UB,
1138 4197 1210 4267 quod
1239 4213 1331 4254 verum
1353 4198 1392 4252 iu·

141 4279 215 4333 dieat
231 4280 296 4335 Wil.
383 4276 434 4346 τὰς
451 4296 501 4350 pro
525 4280 618 4352 τῆςΡ
694 4276 827 4353 χρήσεων
851 4281 927 4347 libri,
951 4297 1022 4337 corr.
1046 4283 1127 4352 Emp.
1215 4287 1248 4338 22
1270 4286 1319 4340 καί
1343 4279 1392 4340 ἑλί-

52 4414 56 4425 ,
142 4367 200 4498 Ξεισ
215 4365 266 4501 E?
320 4368 357 4500 124
376 4369 441 4436 περὶ
459 4361 554 4423 πάντα
572 4369 662 4423 ταῦτα
681 4364 744 4431 (hoc
756 4366 823 4432 ord.)
841 4366 891 4421 UB
944 4371 976 4420 25
994 4367 1048 4437 μὲν
1064 4367 1134 4433 libri,
1153 4382 1223 4424 corr.
1241 4367 1345 4424 Jacobs

142 4452 173 4499 ’1
193 4466 214 4502 π
232 4466 300 4502 εων
