<?xml version="1.0" encoding="UTF-8"?>
<!DOCTYPE html PUBLIC "-//W3C//DTD XHTML 1.0 Transitional//EN"
    "http://www.w3.org/TR/xhtml1/DTD/xhtml1-transitional.dtd">
<html xmlns="http://www.w3.org/1999/xhtml" xml:lang="en" lang="en">
 <head>
  <title>
</title>
<meta http-equiv="Content-Type" content="text/html;charset=utf-8" />
  <meta name='ocr-system' content='tesseract 3.04.00' />
  <meta name='ocr-capabilities' content='ocr_page ocr_carea ocr_par ocr_line ocrx_word'/>
</head>
<body>
  <div class='ocr_page' id='page_1' title='image "./quaeexstantomni00diogoog_0133.png"; bbox 0 0 3068 5160; ppageno 0'>
   <div class='ocr_carea' id='block_1_1' title="bbox 595 308 1415 395">
    <p class='ocr_par' dir='ltr' id='par_1_1' title="bbox 595 308 1415 395">
     <span class='ocr_line' id='line_1_1' title="bbox 595 308 1415 395; baseline -0.009 -30"><span class='ocrx_word' id='word_1_1' title='bbox 595 308 732 365; x_wconf 72' lang='grc' dir='ltr'><em>ουιτιο</em></span> <span class='ocrx_word' id='word_1_2' title='bbox 750 309 783 365; x_wconf 89' lang='lat' dir='ltr'><em>v.</em></span> <span class='ocrx_word' id='word_1_3' title='bbox 1273 315 1314 374; x_wconf 69' lang='lat'><em>33</em></span> <span class='ocrx_word' id='word_1_4' title='bbox 1410 386 1415 395; x_wconf 24' lang='grc' dir='ltr'>Ι</span> 
     </span>
    </p>
   </div>
   <div class='ocr_carea' id='block_1_2' title="bbox 8 478 1364 2710">
    <p class='ocr_par' dir='ltr' id='par_1_2' title="bbox 56 478 1313 573">
     <span class='ocr_line' id='line_1_2' title="bbox 56 478 1313 573; baseline 0.002 -26"><span class='ocrx_word' id='word_1_5' title='bbox 56 486 199 563; x_wconf 78' lang='grc' dir='ltr'><em>ὕστερον</em></span> <span class='ocrx_word' id='word_1_6' title='bbox 227 483 296 545; x_wconf 82' lang='grc' dir='ltr'><em>ὑπὸ</em></span> <span class='ocrx_word' id='word_1_7' title='bbox 318 488 386 544; x_wconf 87' lang='grc' dir='ltr'><em>τῶν</em></span> <span class='ocrx_word' id='word_1_8' title='bbox 409 478 619 563; x_wconf 80' lang='grc' dir='ltr'><em>λειπομένων</em></span> <span class='ocrx_word' id='word_1_9' title='bbox 641 485 839 566; x_wconf 74' lang='grc' dir='ltr'><strong><em>ἐπιθυμιῶν</em></strong></span> <span class='ocrx_word' id='word_1_10' title='bbox 862 483 1062 548; x_wconf 73' lang='grc' dir='ltr'><em>ἀπολέσθαι</em></span> <span class='ocrx_word' id='word_1_11' title='bbox 1082 489 1138 549; x_wconf 92' lang='grc' dir='ltr'><em>καί</em></span> <span class='ocrx_word' id='word_1_12' title='bbox 1161 485 1313 573; x_wconf 91' lang='grc' dir='ltr'><em>διαφθα-</em></span> 
     </span>
    </p>

    <p class='ocr_par' dir='ltr' id='par_1_3' title="bbox 8 574 1364 673">
     <span class='ocr_line' id='line_1_3' title="bbox 8 574 1364 673; baseline 0.006 -28"><span class='ocrx_word' id='word_1_13' title='bbox 8 598 45 652; x_wconf 74' lang='grc' dir='ltr'><em>νΙ)</em></span> <span class='ocrx_word' id='word_1_14' title='bbox 57 594 167 673; x_wconf 81' lang='grc' dir='ltr'><em>ρῆναι.</em></span> <span class='ocrx_word' id='word_1_15' title='bbox 200 574 364 668; x_wconf 79' lang='grc' dir='ltr'><strong><em>Ἡρακλέα</em></strong></span> <span class='ocrx_word' id='word_1_16' title='bbox 392 580 428 647; x_wconf 81' lang='grc' dir='ltr'><em>δὲ</em></span> <span class='ocrx_word' id='word_1_17' title='bbox 450 588 508 648; x_wconf 89' lang='grc' dir='ltr'><em>τόν</em></span> <span class='ocrx_word' id='word_1_18' title='bbox 530 589 617 661; x_wconf 89' lang='grc' dir='ltr'><em>Διός</em></span> <span class='ocrx_word' id='word_1_19' title='bbox 637 587 694 648; x_wconf 87' lang='grc' dir='ltr'><em>καί</em></span> <span class='ocrx_word' id='word_1_20' title='bbox 722 579 907 671; x_wconf 78' lang='grc' dir='ltr'><em>Ἀλκμήνης</em></span> <span class='ocrx_word' id='word_1_21' title='bbox 928 585 1128 665; x_wconf 75' lang='grc' dir='ltr'><em>ἐπεξελθεῖν</em></span> <span class='ocrx_word' id='word_1_22' title='bbox 1149 591 1206 652; x_wconf 84' lang='grc' dir='ltr'><em>καί</em></span> <span class='ocrx_word' id='word_1_23' title='bbox 1227 591 1313 652; x_wconf 87' lang='grc' dir='ltr'><em>ἀπο·</em></span> <span class='ocrx_word' id='word_1_24' title='bbox 1323 602 1364 666; x_wconf 83' lang='lat'><em>23</em></span> 
     </span>
    </p>

    <p class='ocr_par' dir='ltr' id='par_1_4' title="bbox 8 685 1312 876">
     <span class='ocr_line' id='line_1_4' title="bbox 8 685 1312 775; baseline 0.004 -26"><span class='ocrx_word' id='word_1_25' title='bbox 8 731 10 749; x_wconf 86' lang='lat'><em>.</em></span> <span class='ocrx_word' id='word_1_26' title='bbox 57 694 166 775; x_wconf 74' lang='grc' dir='ltr'><em>φῆναι</em></span> <span class='ocrx_word' id='word_1_27' title='bbox 194 685 350 771; x_wconf 81' lang='grc' dir='ltr'><em>καθαρόν</em></span> <span class='ocrx_word' id='word_1_28' title='bbox 377 689 435 751; x_wconf 88' lang='grc' dir='ltr'><em>καί</em></span> <span class='ocrx_word' id='word_1_29' title='bbox 459 689 583 773; x_wconf 76' lang='grc' dir='ltr'><em>ἥμερον</em></span> <span class='ocrx_word' id='word_1_30' title='bbox 605 691 664 774; x_wconf 78' lang='grc' dir='ltr'><em>την</em></span> <span class='ocrx_word' id='word_1_31' title='bbox 688 690 792 750; x_wconf 82' lang='grc' dir='ltr'><em>αὑτοῦ</em></span> <span class='ocrx_word' id='word_1_32' title='bbox 814 685 977 754; x_wconf 81' lang='grc' dir='ltr'><em>διάνοιαν.</em></span> <span class='ocrx_word' id='word_1_33' title='bbox 1021 693 1078 754; x_wconf 86' lang='grc' dir='ltr'><em>καί</em></span> <span class='ocrx_word' id='word_1_34' title='bbox 1099 699 1199 753; x_wconf 87' lang='grc' dir='ltr'><em>τοῦτο</em></span> <span class='ocrx_word' id='word_1_35' title='bbox 1223 691 1312 774; x_wconf 76' lang='grc' dir='ltr'><em>αὐτῷ</em></span> 
     </span>
     <span class='ocr_line' id='line_1_5' title="bbox 57 781 864 876; baseline 0 -24"><span class='ocrx_word' id='word_1_36' title='bbox 57 781 272 875; x_wconf 81' lang='grc' dir='ltr'><em>[βούλεσθαι]</em></span> <span class='ocrx_word' id='word_1_37' title='bbox 295 784 417 873; x_wconf 79' lang='grc' dir='ltr'><em>δηλοῦν</em></span> <span class='ocrx_word' id='word_1_38' title='bbox 440 798 500 875; x_wconf 86' lang='grc' dir='ltr'><em>τῆς</em></span> <span class='ocrx_word' id='word_1_39' title='bbox 521 798 581 876; x_wconf 82' lang='grc' dir='ltr'><em>γῆς</em></span> <span class='ocrx_word' id='word_1_40' title='bbox 603 792 662 876; x_wconf 84' lang='grc' dir='ltr'><em>την</em></span> <span class='ocrx_word' id='word_1_41' title='bbox 684 795 864 875; x_wconf 73' lang='grc' dir='ltr'><em>ἡμέρωσιν.</em></span> 
     </span>
    </p>

    <p class='ocr_par' dir='ltr' id='par_1_5' title="bbox 25 887 1364 1388">
     <span class='ocr_line' id='line_1_6' title="bbox 25 887 1364 979; baseline 0.002 -24"><span class='ocrx_word' id='word_1_42' title='bbox 25 900 40 955; x_wconf 79' lang='grc' dir='ltr'><em>ί</em></span> <span class='ocrx_word' id='word_1_43' title='bbox 141 887 312 973; x_wconf 87' lang='grc' dir='ltr'><em>βοόλεσθε</em></span> <span class='ocrx_word' id='word_1_44' title='bbox 336 891 393 953; x_wconf 82' lang='grc' dir='ltr'><em>οῦν</em></span> <span class='ocrx_word' id='word_1_45' title='bbox 415 892 520 976; x_wconf 83' lang='grc' dir='ltr'><em>βραχύ</em></span> <span class='ocrx_word' id='word_1_46' title='bbox 542 912 577 954; x_wconf 89' lang='grc' dir='ltr'><em>τι</em></span> <span class='ocrx_word' id='word_1_47' title='bbox 598 893 655 953; x_wconf 83' lang='grc' dir='ltr'><em>καί</em></span> <span class='ocrx_word' id='word_1_48' title='bbox 676 897 749 967; x_wconf 93' lang='grc' dir='ltr'><em>τοῖς</em></span> <span class='ocrx_word' id='word_1_49' title='bbox 766 897 945 976; x_wconf 78' lang='grc' dir='ltr'><em>νεωτέροις</em></span> <span class='ocrx_word' id='word_1_50' title='bbox 960 888 1091 978; x_wconf 92' lang='grc' dir='ltr'><em>[λόγων]</em></span> <span class='ocrx_word' id='word_1_51' title='bbox 1106 897 1364 979; x_wconf 78' lang='grc' dir='ltr'><em>έπιχαρισώ-24</em></span> 
     </span>
     <span class='ocr_line' id='line_1_7' title="bbox 56 992 1312 1081; baseline 0.004 -26"><span class='ocrx_word' id='word_1_52' title='bbox 56 993 151 1074; x_wconf 81' lang='grc' dir='ltr'><em>μεθα</em></span> <span class='ocrx_word' id='word_1_53' title='bbox 180 999 242 1055; x_wconf 80' lang='grc' dir='ltr'><em>τοῦ</em></span> <span class='ocrx_word' id='word_1_54' title='bbox 266 992 570 1081; x_wconf 82' lang='grc' dir='ltr'><em>μυθολογήματος;</em></span> <span class='ocrx_word' id='word_1_55' title='bbox 599 995 687 1055; x_wconf 84' lang='grc' dir='ltr'><em>οδτω</em></span> <span class='ocrx_word' id='word_1_56' title='bbox 715 995 778 1078; x_wconf 89' lang='grc' dir='ltr'><em>γὰρ</em></span> <span class='ocrx_word' id='word_1_57' title='bbox 809 993 898 1057; x_wconf 83' lang='grc' dir='ltr'><em>πάνυ</em></span> <span class='ocrx_word' id='word_1_58' title='bbox 927 997 1115 1059; x_wconf 89' lang='grc' dir='ltr'><em>πείθονται</em></span> <span class='ocrx_word' id='word_1_59' title='bbox 1144 997 1233 1079; x_wconf 76' lang='grc' dir='ltr'><em>αὐτῷ</em></span> <span class='ocrx_word' id='word_1_60' title='bbox 1255 1000 1312 1061; x_wconf 89' lang='grc' dir='ltr'><em>καί</em></span> 
     </span>
     <span class='ocr_line' id='line_1_8' title="bbox 56 1090 1314 1184; baseline 0 -24"><span class='ocrx_word' id='word_1_61' title='bbox 56 1090 252 1177; x_wconf 73' lang='grc' dir='ltr'><em>νομίζουσιν</em></span> <span class='ocrx_word' id='word_1_62' title='bbox 289 1093 419 1182; x_wconf 80' lang='grc' dir='ltr'><em>ἀληθές</em></span> <span class='ocrx_word' id='word_1_63' title='bbox 456 1099 543 1159; x_wconf 86' lang='grc' dir='ltr'><em>ὥστε</em></span> <span class='ocrx_word' id='word_1_64' title='bbox 575 1098 715 1179; x_wconf 82' lang='grc' dir='ltr'><em>ὕστερόν</em></span> <span class='ocrx_word' id='word_1_65' title='bbox 749 1103 836 1159; x_wconf 92' lang='grc' dir='ltr'><em>ποτέ</em></span> <span class='ocrx_word' id='word_1_66' title='bbox 869 1115 976 1184; x_wconf 90' lang='grc' dir='ltr'><em>φασιν</em></span> <span class='ocrx_word' id='word_1_67' title='bbox 1008 1100 1219 1184; x_wconf 79' lang='grc' dir='ltr'><em>ἐπιφανῆναι</em></span> <span class='ocrx_word' id='word_1_68' title='bbox 1251 1108 1314 1160; x_wconf 90' lang='grc' dir='ltr'><em>τοῦ</em></span> 
     </span>
     <span class='ocr_line' id='line_1_9' title="bbox 56 1189 1311 1286; baseline -0.001 -23"><span class='ocrx_word' id='word_1_69' title='bbox 56 1202 174 1283; x_wconf 76' lang='grc' dir='ltr'><em>γένους</em></span> <span class='ocrx_word' id='word_1_70' title='bbox 193 1199 315 1261; x_wconf 79' lang='grc' dir='ltr'><em>τούτου</em></span> <span class='ocrx_word' id='word_1_71' title='bbox 337 1194 534 1280; x_wconf 73' lang='grc' dir='ltr'><em>βαδίζουσιν</em></span> <span class='ocrx_word' id='word_1_72' title='bbox 556 1200 606 1273; x_wconf 89' lang='grc' dir='ltr'><em>είς</em></span> <span class='ocrx_word' id='word_1_73' title='bbox 615 1189 794 1278; x_wconf 80' lang='grc' dir='ltr'><em>Ἄμμωνος</em></span> <span class='ocrx_word' id='word_1_74' title='bbox 806 1190 944 1286; x_wconf 84' lang='grc' dir='ltr'><em>Ἕλλησι</em></span> <span class='ocrx_word' id='word_1_75' title='bbox 965 1201 1115 1285; x_wconf 75' lang='grc' dir='ltr'><em>θεωροῖς</em></span> <span class='ocrx_word' id='word_1_76' title='bbox 1126 1201 1211 1281; x_wconf 83' lang='grc' dir='ltr'><em>μετὰ</em></span> <span class='ocrx_word' id='word_1_77' title='bbox 1227 1199 1311 1262; x_wconf 89' lang='grc' dir='ltr'><em>πολ·</em></span> 
     </span>
     <span class='ocr_line' id='line_1_10' title="bbox 58 1296 1362 1388; baseline 0.001 -25"><span class='ocrx_word' id='word_1_78' title='bbox 58 1296 118 1388; x_wconf 70' lang='grc' dir='ltr'><em>λης</em></span> <span class='ocrx_word' id='word_1_79' title='bbox 147 1296 321 1380; x_wconf 80' lang='grc' dir='ltr'><em>δυνάμεως</em></span> <span class='ocrx_word' id='word_1_80' title='bbox 349 1304 649 1386; x_wconf 78' lang='grc' dir='ltr'><em>παραπεμπούσης</em></span> <span class='ocrx_word' id='word_1_81' title='bbox 677 1302 814 1364; x_wconf 84' lang='grc' dir='ltr'><em>ἱππέων</em></span> <span class='ocrx_word' id='word_1_82' title='bbox 842 1303 899 1364; x_wconf 84' lang='grc' dir='ltr'><em>καί</em></span> <span class='ocrx_word' id='word_1_83' title='bbox 926 1300 1084 1380; x_wconf 82' lang='grc' dir='ltr'><em>τοξοτῶν.</em></span> <span class='ocrx_word' id='word_1_84' title='bbox 1130 1300 1227 1380; x_wconf 85' lang='grc' dir='ltr'><em>δόξαι</em></span> <span class='ocrx_word' id='word_1_85' title='bbox 1248 1304 1362 1388; x_wconf 77' lang='grc' dir='ltr'><em>γάρ25</em></span> 
     </span>
    </p>

    <p class='ocr_par' dir='ltr' id='par_1_6' title="bbox 16 1402 1362 1894">
     <span class='ocr_line' id='line_1_11' title="bbox 16 1402 1313 1490; baseline -0.001 -23"><span class='ocrx_word' id='word_1_86' title='bbox 16 1404 175 1478; x_wconf 62' lang='grc' dir='ltr'><em>θαδτοῖς</em></span> <span class='ocrx_word' id='word_1_87' title='bbox 195 1404 256 1465; x_wconf 85' lang='grc' dir='ltr'><em>έπί</em></span> <span class='ocrx_word' id='word_1_88' title='bbox 276 1402 378 1477; x_wconf 89' lang='grc' dir='ltr'><em>θινός</em></span> <span class='ocrx_word' id='word_1_89' title='bbox 400 1424 493 1478; x_wconf 86' lang='grc' dir='ltr'><em>τινος</em></span> <span class='ocrx_word' id='word_1_90' title='bbox 514 1405 741 1465; x_wconf 89' lang='grc' dir='ltr'><em>κατακεῖσθαι</em></span> <span class='ocrx_word' id='word_1_91' title='bbox 762 1409 911 1485; x_wconf 92' lang='grc' dir='ltr'><em>γυναῖκα,</em></span> <span class='ocrx_word' id='word_1_92' title='bbox 939 1402 1111 1490; x_wconf 74' lang='grc' dir='ltr'><em>διφθέραν</em></span> <span class='ocrx_word' id='word_1_93' title='bbox 1133 1403 1313 1490; x_wconf 78' lang='grc' dir='ltr'><em>ἐπιβεβλη-</em></span> 
     </span>
     <span class='ocr_line' id='line_1_12' title="bbox 56 1503 1314 1592; baseline 0 -23"><span class='ocrx_word' id='word_1_94' title='bbox 56 1510 159 1592; x_wconf 87' lang='grc' dir='ltr'><em>μένην</em></span> <span class='ocrx_word' id='word_1_95' title='bbox 182 1505 327 1582; x_wconf 89' lang='grc' dir='ltr'><em>ἀνωθεν,</em></span> <span class='ocrx_word' id='word_1_96' title='bbox 352 1506 468 1591; x_wconf 87' lang='grc' dir='ltr'><em>ῶσπερ</em></span> <span class='ocrx_word' id='word_1_97' title='bbox 492 1507 529 1568; x_wconf 82' lang='grc' dir='ltr'><em>αἱ</em></span> <span class='ocrx_word' id='word_1_98' title='bbox 550 1506 739 1587; x_wconf 75' lang='grc' dir='ltr'><em>Λίβυσσαι,</em></span> <span class='ocrx_word' id='word_1_99' title='bbox 763 1503 987 1569; x_wconf 78' lang='grc' dir='ltr'><em>ἐπιδεικνύειν</em></span> <span class='ocrx_word' id='word_1_100' title='bbox 1011 1504 1047 1568; x_wconf 83' lang='grc' dir='ltr'><em>δὲ</em></span> <span class='ocrx_word' id='word_1_101' title='bbox 1070 1507 1112 1568; x_wconf 89' lang='grc' dir='ltr'><em>τά</em></span> <span class='ocrx_word' id='word_1_102' title='bbox 1130 1508 1240 1592; x_wconf 81' lang='grc' dir='ltr'><em>στήθη</em></span> <span class='ocrx_word' id='word_1_103' title='bbox 1257 1509 1314 1569; x_wconf 88' lang='grc' dir='ltr'><em>καί</em></span> 
     </span>
     <span class='ocr_line' id='line_1_13' title="bbox 57 1600 1313 1692; baseline 0 -21"><span class='ocrx_word' id='word_1_104' title='bbox 57 1609 136 1683; x_wconf 72' lang='grc' dir='ltr'><em>τοὺς</em></span> <span class='ocrx_word' id='word_1_105' title='bbox 157 1609 309 1687; x_wconf 80' lang='grc' dir='ltr'><em>μαστοὺς</em></span> <span class='ocrx_word' id='word_1_106' title='bbox 330 1600 406 1691; x_wconf 84' lang='grc' dir='ltr'><em>[καί]</em></span> <span class='ocrx_word' id='word_1_107' title='bbox 429 1610 487 1670; x_wconf 91' lang='grc' dir='ltr'><em>τόν</em></span> <span class='ocrx_word' id='word_1_108' title='bbox 509 1605 673 1692; x_wconf 84' lang='grc' dir='ltr'><em>τράχηλον</em></span> <span class='ocrx_word' id='word_1_109' title='bbox 697 1604 904 1671; x_wconf 88' lang='grc' dir='ltr'><em>ἀνακλῶσαν.</em></span> <span class='ocrx_word' id='word_1_110' title='bbox 948 1611 1005 1671; x_wconf 87' lang='grc' dir='ltr'><em>καί</em></span> <span class='ocrx_word' id='word_1_111' title='bbox 1026 1610 1105 1683; x_wconf 80' lang='grc' dir='ltr'><em>τοὺς</em></span> <span class='ocrx_word' id='word_1_112' title='bbox 1127 1606 1313 1690; x_wconf 78' lang='grc' dir='ltr'><em>ὑπολαβεῖν</em></span> 
     </span>
     <span class='ocr_line' id='line_1_14' title="bbox 58 1711 1314 1794; baseline -0.003 -19"><span class='ocrx_word' id='word_1_113' title='bbox 58 1712 93 1775; x_wconf 67' lang='lat' dir='ltr'><em>bt</em></span> <span class='ocrx_word' id='word_1_114' title='bbox 113 1728 209 1785; x_wconf 84' lang='grc' dir='ltr'><em>τινος</em></span> <span class='ocrx_word' id='word_1_115' title='bbox 228 1711 343 1794; x_wconf 86' lang='grc' dir='ltr'><em>κώμης</em></span> <span class='ocrx_word' id='word_1_116' title='bbox 365 1716 432 1772; x_wconf 91' lang='grc' dir='ltr'><em>τῶν</em></span> <span class='ocrx_word' id='word_1_117' title='bbox 455 1713 662 1794; x_wconf 76' lang='grc' dir='ltr'><em>ἑταιρουσῶν</em></span> <span class='ocrx_word' id='word_1_118' title='bbox 684 1731 760 1772; x_wconf 92' lang='grc' dir='ltr'><em>τινα</em></span> <span class='ocrx_word' id='word_1_119' title='bbox 775 1718 940 1791; x_wconf 92' lang='grc' dir='ltr'><em>γυναικῶν</em></span> <span class='ocrx_word' id='word_1_120' title='bbox 955 1711 1106 1773; x_wconf 75' lang='grc' dir='ltr'><em>ἐνταῦθα</em></span> <span class='ocrx_word' id='word_1_121' title='bbox 1122 1712 1211 1773; x_wconf 87' lang='grc' dir='ltr'><em>ίέναι</em></span> <span class='ocrx_word' id='word_1_122' title='bbox 1226 1713 1314 1794; x_wconf 91' lang='grc' dir='ltr'><em>πρός</em></span> 
     </span>
     <span class='ocr_line' id='line_1_15' title="bbox 58 1808 1362 1894; baseline -0.002 -18"><span class='ocrx_word' id='word_1_123' title='bbox 58 1814 115 1877; x_wconf 87' lang='grc' dir='ltr'><em>τόν</em></span> <span class='ocrx_word' id='word_1_124' title='bbox 144 1809 251 1892; x_wconf 89' lang='grc' dir='ltr'><em>όχλον.</em></span> <span class='ocrx_word' id='word_1_125' title='bbox 297 1808 357 1873; x_wconf 87' lang='grc' dir='ltr'><em>δῦο</em></span> <span class='ocrx_word' id='word_1_126' title='bbox 387 1808 425 1874; x_wconf 90' lang='grc' dir='ltr'><em>δέ</em></span> <span class='ocrx_word' id='word_1_127' title='bbox 451 1832 547 1887; x_wconf 92' lang='grc' dir='ltr'><em>τινας</em></span> <span class='ocrx_word' id='word_1_128' title='bbox 574 1814 769 1887; x_wconf 85' lang='grc' dir='ltr'><em>νεανίσκους</em></span> <span class='ocrx_word' id='word_1_129' title='bbox 796 1810 1023 1894; x_wconf 77' lang='grc' dir='ltr'><em>ἐκπλαγέντας</em></span> <span class='ocrx_word' id='word_1_130' title='bbox 1044 1813 1083 1872; x_wconf 90' lang='grc' dir='ltr'><em>τό</em></span> <span class='ocrx_word' id='word_1_131' title='bbox 1107 1809 1199 1885; x_wconf 83' lang='grc' dir='ltr'><em>εἶδος</em></span> <span class='ocrx_word' id='word_1_132' title='bbox 1222 1813 1311 1874; x_wconf 83' lang='grc' dir='ltr'><em>ἰέναι</em></span> <span class='ocrx_word' id='word_1_133' title='bbox 1321 1820 1362 1882; x_wconf 83' lang='grc'><em>26</em></span> 
     </span>
    </p>

    <p class='ocr_par' dir='ltr' id='par_1_7' title="bbox 15 1907 1362 2411">
     <span class='ocr_line' id='line_1_16' title="bbox 15 1907 1313 2001; baseline -0.003 -24"><span class='ocrx_word' id='word_1_134' title='bbox 15 1916 146 2000; x_wconf 66' lang='grc' dir='ltr'><em>ῦπρός</em></span> <span class='ocrx_word' id='word_1_135' title='bbox 173 1914 292 1998; x_wconf 70' lang='grc' dir='ltr'><em>αὐτόν,</em></span> <span class='ocrx_word' id='word_1_136' title='bbox 322 1907 495 1998; x_wconf 84' lang='grc' dir='ltr'><em>[θάτερον]</em></span> <span class='ocrx_word' id='word_1_137' title='bbox 518 1916 576 1976; x_wconf 86' lang='grc' dir='ltr'><em>τόν</em></span> <span class='ocrx_word' id='word_1_138' title='bbox 599 1917 712 1999; x_wconf 85' lang='grc' dir='ltr'><em>ίτερον</em></span> <span class='ocrx_word' id='word_1_139' title='bbox 736 1917 925 2001; x_wconf 83' lang='grc' dir='ltr'><em>φθάνοντα.</em></span> <span class='ocrx_word' id='word_1_140' title='bbox 970 1916 1008 1974; x_wconf 89' lang='grc' dir='ltr'><em>τό</em></span> <span class='ocrx_word' id='word_1_141' title='bbox 1033 1910 1069 1975; x_wconf 77' lang='grc' dir='ltr'><em>δέ</em></span> <span class='ocrx_word' id='word_1_142' title='bbox 1091 1913 1234 1996; x_wconf 90' lang='grc' dir='ltr'><em>θηρίον,</em></span> <span class='ocrx_word' id='word_1_143' title='bbox 1266 1915 1313 1987; x_wconf 87' lang='grc' dir='ltr'><em>ῶς</em></span> 
     </span>
     <span class='ocr_line' id='line_1_17' title="bbox 58 2013 1311 2102; baseline -0.002 -23"><span class='ocrx_word' id='word_1_144' title='bbox 58 2013 177 2097; x_wconf 81' lang='grc' dir='ltr'><em>ίλαβεν</em></span> <span class='ocrx_word' id='word_1_145' title='bbox 207 2016 324 2092; x_wconf 76' lang='grc' dir='ltr'><em>αὐτόν,</em></span> <span class='ocrx_word' id='word_1_146' title='bbox 353 2024 544 2100; x_wconf 82' lang='grc' dir='ltr'><em>κατασῦραν</em></span> <span class='ocrx_word' id='word_1_147' title='bbox 574 2019 624 2092; x_wconf 89' lang='grc' dir='ltr'><em>είς</em></span> <span class='ocrx_word' id='word_1_148' title='bbox 649 2014 763 2080; x_wconf 89' lang='grc' dir='ltr'><em>κοῖλόν</em></span> <span class='ocrx_word' id='word_1_149' title='bbox 791 2038 825 2079; x_wconf 94' lang='grc' dir='ltr'><em>τι</em></span> <span class='ocrx_word' id='word_1_150' title='bbox 856 2025 916 2102; x_wconf 81' lang='grc' dir='ltr'><em>τῆς</em></span> <span class='ocrx_word' id='word_1_151' title='bbox 938 2017 1082 2098; x_wconf 79' lang='grc' dir='ltr'><em>ψάμμου</em></span> <span class='ocrx_word' id='word_1_152' title='bbox 1104 2015 1311 2076; x_wconf 87' lang='grc' dir='ltr'><em>κατεσθίειν.</em></span> 
     </span>
     <span class='ocr_line' id='line_1_18' title="bbox 57 2116 1362 2204; baseline -0.004 -21"><span class='ocrx_word' id='word_1_153' title='bbox 57 2120 114 2183; x_wconf 79' lang='grc' dir='ltr'><em>καί</em></span> <span class='ocrx_word' id='word_1_154' title='bbox 133 2120 194 2181; x_wconf 89' lang='grc' dir='ltr'><em>τόν</em></span> <span class='ocrx_word' id='word_1_155' title='bbox 216 2120 329 2201; x_wconf 73' lang='grc' dir='ltr'><em>ἕτερον</em></span> <span class='ocrx_word' id='word_1_156' title='bbox 351 2119 524 2180; x_wconf 91' lang='grc' dir='ltr'><em>νεανίσκον</em></span> <span class='ocrx_word' id='word_1_157' title='bbox 546 2116 780 2204; x_wconf 84' lang='grc' dir='ltr'><em>ὑπερβαλόντα</em></span> <span class='ocrx_word' id='word_1_158' title='bbox 803 2118 1008 2181; x_wconf 84' lang='grc' dir='ltr'><em>θεάσασθαι</em></span> <span class='ocrx_word' id='word_1_159' title='bbox 1029 2117 1087 2178; x_wconf 85' lang='grc' dir='ltr'><em>καί</em></span> <span class='ocrx_word' id='word_1_160' title='bbox 1102 2117 1310 2200; x_wconf 86' lang='grc' dir='ltr'><em>ἀνακραγεῖν,</em></span> <span class='ocrx_word' id='word_1_161' title='bbox 1321 2124 1362 2186; x_wconf 80' lang='lat'><em>27</em></span> 
     </span>
     <span class='ocr_line' id='line_1_19' title="bbox 57 2216 1314 2306; baseline -0.005 -21"><span class='ocrx_word' id='word_1_162' title='bbox 57 2223 115 2285; x_wconf 83' lang='grc' dir='ltr'><em>καί</em></span> <span class='ocrx_word' id='word_1_163' title='bbox 142 2220 251 2295; x_wconf 77' lang='grc' dir='ltr'><em>οὕτως</em></span> <span class='ocrx_word' id='word_1_164' title='bbox 277 2220 516 2306; x_wconf 75' lang='grc' dir='ltr'><em>ἐπιβοηθῆσαι</em></span> <span class='ocrx_word' id='word_1_165' title='bbox 543 2224 581 2283; x_wconf 88' lang='grc' dir='ltr'><em>τό</em></span> <span class='ocrx_word' id='word_1_166' title='bbox 606 2218 727 2283; x_wconf 90' lang='grc' dir='ltr'><em>λοιπόν</em></span> <span class='ocrx_word' id='word_1_167' title='bbox 751 2218 897 2306; x_wconf 76' lang='grc' dir='ltr'><em>πλῆθος.</em></span> <span class='ocrx_word' id='word_1_168' title='bbox 942 2221 980 2281; x_wconf 90' lang='grc' dir='ltr'><em>τό</em></span> <span class='ocrx_word' id='word_1_169' title='bbox 1005 2216 1041 2281; x_wconf 85' lang='grc' dir='ltr'><em>δέ</em></span> <span class='ocrx_word' id='word_1_170' title='bbox 1064 2218 1189 2303; x_wconf 89' lang='grc' dir='ltr'><em>θηρίον</em></span> <span class='ocrx_word' id='word_1_171' title='bbox 1212 2220 1314 2303; x_wconf 81' lang='grc' dir='ltr'><em>ἐφορ-</em></span> 
     </span>
     <span class='ocr_line' id='line_1_20' title="bbox 58 2318 1314 2411; baseline -0.004 -24"><span class='ocrx_word' id='word_1_172' title='bbox 58 2332 166 2411; x_wconf 77' lang='grc' dir='ltr'><em>μῆσαι</em></span> <span class='ocrx_word' id='word_1_173' title='bbox 187 2320 235 2404; x_wconf 77' lang='grc' dir='ltr'><em>τῷ</em></span> <span class='ocrx_word' id='word_1_174' title='bbox 257 2323 440 2404; x_wconf 83' lang='grc' dir='ltr'><em>νεανίσκῳ,</em></span> <span class='ocrx_word' id='word_1_175' title='bbox 463 2326 709 2407; x_wconf 83' lang='grc' dir='ltr'><em>προϊσχόμενον</em></span> <span class='ocrx_word' id='word_1_176' title='bbox 731 2325 790 2384; x_wconf 91' lang='grc' dir='ltr'><em>τόν</em></span> <span class='ocrx_word' id='word_1_177' title='bbox 812 2325 902 2408; x_wconf 87' lang='grc' dir='ltr'><em>όφιν,</em></span> <span class='ocrx_word' id='word_1_178' title='bbox 924 2323 981 2384; x_wconf 89' lang='grc' dir='ltr'><em>καί</em></span> <span class='ocrx_word' id='word_1_179' title='bbox 1003 2322 1206 2382; x_wconf 86' lang='grc' dir='ltr'><em>ἀποκτεῖναν</em></span> <span class='ocrx_word' id='word_1_180' title='bbox 1230 2318 1314 2399; x_wconf 86' lang='grc' dir='ltr'><em>οἴχε-</em></span> 
     </span>
    </p>

    <p class='ocr_par' dir='ltr' id='par_1_8' title="bbox 10 2422 1315 2710">
     <span class='ocr_line' id='line_1_21' title="bbox 10 2422 1315 2510; baseline -0.004 -21"><span class='ocrx_word' id='word_1_181' title='bbox 10 2434 37 2489; x_wconf 68' lang='lat' dir='ltr'><strong>n</strong></span> <span class='ocrx_word' id='word_1_182' title='bbox 60 2424 149 2487; x_wconf 89' lang='grc' dir='ltr'><em>σθαι</em></span> <span class='ocrx_word' id='word_1_183' title='bbox 182 2425 267 2504; x_wconf 80' lang='grc' dir='ltr'><em>μετὰ</em></span> <span class='ocrx_word' id='word_1_184' title='bbox 303 2434 475 2510; x_wconf 91' lang='grc' dir='ltr'><em>συριγμοῦ.</em></span> <span class='ocrx_word' id='word_1_185' title='bbox 526 2428 584 2487; x_wconf 90' lang='grc' dir='ltr'><em>τόν</em></span> <span class='ocrx_word' id='word_1_186' title='bbox 614 2422 649 2486; x_wconf 82' lang='grc' dir='ltr'><em>δὲ</em></span> <span class='ocrx_word' id='word_1_187' title='bbox 678 2426 793 2509; x_wconf 88' lang='grc' dir='ltr'><em>νεκρόν</em></span> <span class='ocrx_word' id='word_1_188' title='bbox 821 2424 1005 2510; x_wconf 78' lang='grc' dir='ltr'><em>εὑρεθῆναι</em></span> <span class='ocrx_word' id='word_1_189' title='bbox 1034 2425 1167 2507; x_wconf 91' lang='grc' dir='ltr'><em>σαπρόν</em></span> <span class='ocrx_word' id='word_1_190' title='bbox 1195 2443 1232 2484; x_wconf 90' lang='grc' dir='ltr'><em>τε</em></span> <span class='ocrx_word' id='word_1_191' title='bbox 1259 2423 1315 2484; x_wconf 87' lang='grc' dir='ltr'><em>καί</em></span> 
     </span>
     <span class='ocr_line' id='line_1_22' title="bbox 56 2523 1313 2611; baseline -0.003 -23"><span class='ocrx_word' id='word_1_192' title='bbox 56 2523 232 2605; x_wconf 84' lang='grc' dir='ltr'><em>μυδῶντα·</em></span> <span class='ocrx_word' id='word_1_193' title='bbox 254 2529 311 2590; x_wconf 85' lang='grc' dir='ltr'><em>καί</em></span> <span class='ocrx_word' id='word_1_194' title='bbox 332 2530 412 2604; x_wconf 85' lang='grc' dir='ltr'><em>τούς</em></span> <span class='ocrx_word' id='word_1_195' title='bbox 427 2529 563 2608; x_wconf 84' lang='grc' dir='ltr'><em>Λίβυας</em></span> <span class='ocrx_word' id='word_1_196' title='bbox 586 2529 665 2601; x_wconf 77' lang='grc' dir='ltr'><em>τοὺς</em></span> <span class='ocrx_word' id='word_1_197' title='bbox 686 2530 850 2609; x_wconf 74' lang='grc' dir='ltr'><em>ἡγεμόνας</em></span> <span class='ocrx_word' id='word_1_198' title='bbox 872 2535 932 2611; x_wconf 76' lang='grc' dir='ltr'><em>τῆς</em></span> <span class='ocrx_word' id='word_1_199' title='bbox 955 2523 1036 2588; x_wconf 90' lang='grc' dir='ltr'><em>όδοῦ</em></span> <span class='ocrx_word' id='word_1_200' title='bbox 1059 2526 1116 2587; x_wconf 87' lang='grc' dir='ltr'><em>οόκ</em></span> <span class='ocrx_word' id='word_1_201' title='bbox 1138 2527 1194 2586; x_wconf 81' lang='grc' dir='ltr'><em>έιῖν</em></span> <span class='ocrx_word' id='word_1_202' title='bbox 1211 2526 1313 2585; x_wconf 87' lang='grc' dir='ltr'><em>ἀπτε-</em></span> 
     </span>
     <span class='ocr_line' id='line_1_23' title="bbox 60 2626 954 2710; baseline 0 -21"><span class='ocrx_word' id='word_1_203' title='bbox 60 2629 149 2691; x_wconf 90' lang='grc' dir='ltr'><em>σθαι</em></span> <span class='ocrx_word' id='word_1_204' title='bbox 170 2637 232 2691; x_wconf 92' lang='grc' dir='ltr'><em>τοῦ</em></span> <span class='ocrx_word' id='word_1_205' title='bbox 254 2632 421 2710; x_wconf 87' lang='grc' dir='ltr'><em>σώματος,</em></span> <span class='ocrx_word' id='word_1_206' title='bbox 444 2632 491 2705; x_wconf 86' lang='grc' dir='ltr'><em>ὡς</em></span> <span class='ocrx_word' id='word_1_207' title='bbox 514 2632 669 2703; x_wconf 89' lang='grc' dir='ltr'><em>ἅπαντας</em></span> <span class='ocrx_word' id='word_1_208' title='bbox 691 2626 954 2709; x_wconf 89' lang='grc' dir='ltr'><em>ἀπολουμένους.</em></span> 
     </span>
    </p>
   </div>
   <div class='ocr_carea' id='block_1_3' title="bbox 584 2901 785 2909">
    <p class='ocr_par' dir='ltr' id='par_1_9' title="bbox 584 2901 785 2909">
     <span class='ocr_line' id='line_1_24' title="bbox 584 2901 785 2909; baseline -0.01 0"><span class='ocrx_word' id='word_1_209' title='bbox 584 2901 785 2909; x_wconf 79' lang='lat'><em>·—---—--</em></span> 
     </span>
    </p>
   </div>
   <div class='ocr_carea' id='block_1_4' title="bbox 100 3178 1164 3279">
    <p class='ocr_par' dir='ltr' id='par_1_10' title="bbox 100 3178 1164 3279">
     <span class='ocr_line' id='line_1_25' title="bbox 100 3178 1164 3279; baseline -0.02 0"><span class='ocrx_word' id='word_1_210' title='bbox 100 3274 103 3279; x_wconf 83' lang='lat'><em>.</em></span> <span class='ocrx_word' id='word_1_211' title='bbox 212 3189 263 3268; x_wconf 86' lang='lat'><em>(6)</em></span> <span class='ocrx_word' id='word_1_212' title='bbox 278 3184 557 3269; x_wconf 85' lang='grc' dir='ltr'><strong>ΔΙΟΓΕΝΗΣ</strong></span> <span class='ocrx_word' id='word_1_213' title='bbox 579 3185 624 3265; x_wconf 94' lang='grc' dir='ltr'>Η</span> <span class='ocrx_word' id='word_1_214' title='bbox 646 3182 781 3263; x_wconf 87' lang='grc' dir='ltr'>ΠΕΡΙ</span> <span class='ocrx_word' id='word_1_215' title='bbox 803 3178 1164 3264; x_wconf 77' lang='grc' dir='ltr'><strong>ΤΥΡΑΝΝΙΔΟΣ</strong></span> 
     </span>
    </p>
   </div>
   <div class='ocr_carea' id='block_1_5' title="bbox 11 3450 1347 3750">
    <p class='ocr_par' dir='ltr' id='par_1_11' title="bbox 11 3450 1347 3750">
     <span class='ocr_line' id='line_1_26' title="bbox 144 3450 1347 3547; baseline -0.012 -24"><span class='ocrx_word' id='word_1_216' title='bbox 144 3464 310 3547; x_wconf 72' lang='grc' dir='ltr'><em>Διογένης</em></span> <span class='ocrx_word' id='word_1_217' title='bbox 333 3465 352 3524; x_wconf 90' lang='grc' dir='ltr'><em>δ</em></span> <span class='ocrx_word' id='word_1_218' title='bbox 365 3465 549 3540; x_wconf 79' lang='grc' dir='ltr'><em>Σινωπεύς,</em></span> <span class='ocrx_word' id='word_1_219' title='bbox 573 3465 628 3524; x_wconf 89' lang='grc' dir='ltr'><em>ότε</em></span> <span class='ocrx_word' id='word_1_220' title='bbox 651 3463 771 3546; x_wconf 81' lang='grc' dir='ltr'><em>ἔφυγεν</em></span> <span class='ocrx_word' id='word_1_221' title='bbox 794 3463 830 3521; x_wconf 83' lang='grc' dir='ltr'><em>ἐκ</em></span> <span class='ocrx_word' id='word_1_222' title='bbox 844 3461 1013 3541; x_wconf 82' lang='grc' dir='ltr'><em>Σινώπης,</em></span> <span class='ocrx_word' id='word_1_223' title='bbox 1037 3457 1242 3540; x_wconf 79' lang='grc' dir='ltr'><em>ἀφικόμενος</em></span> <span class='ocrx_word' id='word_1_224' title='bbox 1266 3450 1347 3528; x_wconf 83' lang='grc' dir='ltr'><em>είς1</em></span> 
     </span>
     <span class='ocr_line' id='line_1_27' title="bbox 11 3549 1313 3650; baseline -0.011 -21"><span class='ocrx_word' id='word_1_225' title='bbox 11 3576 29 3629; x_wconf 74' lang='lat'><strong>5</strong></span> <span class='ocrx_word' id='word_1_226' title='bbox 53 3565 118 3650; x_wconf 70' lang='grc' dir='ltr'><em>τὴν</em></span> <span class='ocrx_word' id='word_1_227' title='bbox 136 3554 277 3627; x_wconf 79' lang='grc' dir='ltr'><em>Ἑλλάδα</em></span> <span class='ocrx_word' id='word_1_228' title='bbox 301 3561 394 3649; x_wconf 83' lang='grc' dir='ltr'><em>διῆγε</em></span> <span class='ocrx_word' id='word_1_229' title='bbox 417 3566 501 3626; x_wconf 85' lang='grc' dir='ltr'><em>ποτέ</em></span> <span class='ocrx_word' id='word_1_230' title='bbox 523 3566 584 3644; x_wconf 83' lang='grc' dir='ltr'><em>μὲν</em></span> <span class='ocrx_word' id='word_1_231' title='bbox 600 3565 634 3624; x_wconf 86' lang='grc' dir='ltr'><em>έν</em></span> <span class='ocrx_word' id='word_1_232' title='bbox 650 3563 825 3646; x_wconf 83' lang='grc' dir='ltr'><em>Κορίνθῳ,</em></span> <span class='ocrx_word' id='word_1_233' title='bbox 849 3562 933 3622; x_wconf 83' lang='grc' dir='ltr'><em>ποτὲ</em></span> <span class='ocrx_word' id='word_1_234' title='bbox 958 3555 993 3620; x_wconf 82' lang='grc' dir='ltr'><em>δέ</em></span> <span class='ocrx_word' id='word_1_235' title='bbox 1017 3549 1212 3641; x_wconf 78' lang='grc' dir='ltr'><em>Ἀθήνησιν.</em></span> <span class='ocrx_word' id='word_1_236' title='bbox 1247 3556 1313 3639; x_wconf 84' lang='grc' dir='ltr'><em>ἔφη</em></span> 
     </span>
     <span class='ocr_line' id='line_1_28' title="bbox 55 3659 1315 3750; baseline -0.01 -21"><span class='ocrx_word' id='word_1_237' title='bbox 55 3663 95 3729; x_wconf 76' lang='grc' dir='ltr'><em>δὲ</em></span> <span class='ocrx_word' id='word_1_238' title='bbox 118 3667 307 3747; x_wconf 89' lang='grc' dir='ltr'><em>μιμεῖσθαι</em></span> <span class='ocrx_word' id='word_1_239' title='bbox 329 3673 391 3728; x_wconf 90' lang='grc' dir='ltr'><em>τοῦ</em></span> <span class='ocrx_word' id='word_1_240' title='bbox 410 3667 554 3748; x_wconf 89' lang='grc' dir='ltr'><em>Περσῶν</em></span> <span class='ocrx_word' id='word_1_241' title='bbox 576 3663 744 3745; x_wconf 84' lang='grc' dir='ltr'><em>βασιλέως</em></span> <span class='ocrx_word' id='word_1_242' title='bbox 766 3667 826 3750; x_wconf 85' lang='grc' dir='ltr'><em>την</em></span> <span class='ocrx_word' id='word_1_243' title='bbox 849 3660 999 3725; x_wconf 86' lang='grc' dir='ltr'><em>δίαιταν·</em></span> <span class='ocrx_word' id='word_1_244' title='bbox 1025 3659 1165 3741; x_wconf 80' lang='grc' dir='ltr'><em>καὶγὰρ</em></span> <span class='ocrx_word' id='word_1_245' title='bbox 1189 3660 1315 3730; x_wconf 84' lang='grc' dir='ltr'><em>ἐκεῖνος</em></span> 
     </span>
    </p>
   </div>
   <div class='ocr_carea' id='block_1_6' title="bbox 52 3876 1316 4466">
    <p class='ocr_par' dir='ltr' id='par_1_12' title="bbox 52 3876 1316 4466">
     <span class='ocr_line' id='line_1_29' title="bbox 144 3876 1316 3954; baseline -0.009 -15"><span class='ocrx_word' id='word_1_246' title='bbox 144 3887 228 3940; x_wconf 82' lang='grc' dir='ltr'><em>3καί</em></span> <span class='ocrx_word' id='word_1_247' title='bbox 244 3887 331 3941; x_wconf 84' lang='grc' dir='ltr'><em>τοῦτο</em></span> <span class='ocrx_word' id='word_1_248' title='bbox 351 3878 422 3941; x_wconf 78' lang='grc' dir='ltr'><em>αὐτὸ</em></span> <span class='ocrx_word' id='word_1_249' title='bbox 441 3883 516 3939; x_wconf 88' lang='lat' dir='ltr'><em>UBV</em></span> <span class='ocrx_word' id='word_1_250' title='bbox 610 3889 626 3936; x_wconf 81' lang='grc'>4</span> <span class='ocrx_word' id='word_1_251' title='bbox 643 3879 803 3954; x_wconf 76' lang='grc' dir='ltr'><em>βούλεσθαι</em></span> <span class='ocrx_word' id='word_1_252' title='bbox 821 3881 1048 3950; x_wconf 79' lang='lat' dir='ltr'>exsequentibus</span> <span class='ocrx_word' id='word_1_253' title='bbox 1066 3892 1157 3934; x_wconf 84' lang='lat' dir='ltr'>errore</span> <span class='ocrx_word' id='word_1_254' title='bbox 1173 3880 1229 3931; x_wconf 84' lang='lat' dir='ltr'><em>huc</em></span> <span class='ocrx_word' id='word_1_255' title='bbox 1246 3876 1316 3930; x_wconf 75' lang='lat' dir='ltr'><strong>rela-</strong></span> 
     </span>
     <span class='ocr_line' id='line_1_30' title="bbox 54 3959 1316 4043; baseline -0.006 -18"><span class='ocrx_word' id='word_1_256' title='bbox 54 3975 117 4025; x_wconf 78' lang='lat' dir='ltr'><em>tum</em></span> <span class='ocrx_word' id='word_1_257' title='bbox 195 3964 427 4041; x_wconf 76' lang='grc' dir='ltr'><em>ῦβούλεσθοιιΡ</em></span> <span class='ocrx_word' id='word_1_258' title='bbox 504 3965 580 4043; x_wconf 84' lang='grc' dir='ltr'><em>βαχύ</em></span> <span class='ocrx_word' id='word_1_259' title='bbox 597 3989 624 4025; x_wconf 88' lang='grc' dir='ltr'><em>τι</em></span> <span class='ocrx_word' id='word_1_260' title='bbox 642 3969 754 4034; x_wconf 70' lang='lat' dir='ltr'><strong>(sicle</strong></span> <span class='ocrx_word' id='word_1_261' title='bbox 831 3977 898 4025; x_wconf 87' lang='grc' dir='ltr'><em>τοῑσ</em></span> <span class='ocrx_word' id='word_1_262' title='bbox 915 3966 1071 4041; x_wconf 77' lang='grc' dir='ltr'><em>νεωτέροισ</em></span> <span class='ocrx_word' id='word_1_263' title='bbox 1089 3959 1186 4034; x_wconf 81' lang='grc' dir='ltr'><em>λόγων</em></span> <span class='ocrx_word' id='word_1_264' title='bbox 1203 3961 1235 4027; x_wconf 83' lang='grc' dir='ltr'><em>(Ρ</em></span> <span class='ocrx_word' id='word_1_265' title='bbox 1253 3979 1316 4017; x_wconf 85' lang='grc' dir='ltr'><em>νεο-</em></span> 
     </span>
     <span class='ocr_line' id='line_1_31' title="bbox 54 4041 1315 4129; baseline -0.008 -18"><span class='ocrx_word' id='word_1_266' title='bbox 54 4052 167 4129; x_wconf 83' lang='grc' dir='ltr'><em>τίροισ)</em></span> <span class='ocrx_word' id='word_1_267' title='bbox 178 4051 252 4109; x_wconf 83' lang='lat' dir='ltr'><em>VPY</em></span> <span class='ocrx_word' id='word_1_268' title='bbox 268 4057 329 4111; x_wconf 87' lang='grc' dir='ltr'><em>τῶν</em></span> <span class='ocrx_word' id='word_1_269' title='bbox 339 4049 490 4128; x_wconf 83' lang='grc' dir='ltr'><em>νεωτέρων</em></span> <span class='ocrx_word' id='word_1_270' title='bbox 507 4051 604 4125; x_wconf 84' lang='grc' dir='ltr'><em>λόγων</em></span> <span class='ocrx_word' id='word_1_271' title='bbox 620 4054 679 4118; x_wconf 89' lang='lat' dir='ltr'><em>UB,</em></span> <span class='ocrx_word' id='word_1_272' title='bbox 697 4050 794 4126; x_wconf 82' lang='grc' dir='ltr'><em>λόγων</em></span> <span class='ocrx_word' id='word_1_273' title='bbox 811 4054 910 4108; x_wconf 78' lang='lat' dir='ltr'><strong>seclusi</strong></span> <span class='ocrx_word' id='word_1_274' title='bbox 972 4047 1013 4108; x_wconf 71' lang='grc' dir='ltr'><em>ἔτι</em></span> <span class='ocrx_word' id='word_1_275' title='bbox 1029 4044 1256 4123; x_wconf 63' lang='grc' dir='ltr'><em>χαρισώμεθαί</em></span> <span class='ocrx_word' id='word_1_276' title='bbox 1274 4041 1315 4102; x_wconf 72' lang='grc' dir='ltr'><em>ἔτι</em></span> 
     </span>
     <span class='ocr_line' id='line_1_32' title="bbox 52 4129 1281 4212; baseline -0.009 -15"><span class='ocrx_word' id='word_1_277' title='bbox 52 4129 240 4212; x_wconf 76' lang='grc' dir='ltr'><em>χαριούμεθα</em></span> <span class='ocrx_word' id='word_1_278' title='bbox 258 4138 306 4193; x_wconf 91' lang='lat' dir='ltr'><em>PY</em></span> <span class='ocrx_word' id='word_1_279' title='bbox 365 4143 382 4194; x_wconf 89' lang='grc'><strong>6</strong></span> <span class='ocrx_word' id='word_1_280' title='bbox 399 4140 639 4210; x_wconf 76' lang='grc' dir='ltr'><em>μυθολογίματοσ</em></span> <span class='ocrx_word' id='word_1_281' title='bbox 656 4138 678 4192; x_wconf 87' lang='grc' dir='ltr'>Ρ</span> <span class='ocrx_word' id='word_1_282' title='bbox 741 4144 769 4195; x_wconf 91' lang='grc'><em>11</em></span> <span class='ocrx_word' id='word_1_283' title='bbox 784 4134 1015 4197; x_wconf 79' lang='grc' dir='ltr'><em>ἐπιδεικνύουσαν</em></span> <span class='ocrx_word' id='word_1_284' title='bbox 1025 4135 1106 4204; x_wconf 86' lang='lat' dir='ltr'><strong>Emp.</strong></span> <span class='ocrx_word' id='word_1_285' title='bbox 1124 4133 1281 4189; x_wconf 81' lang='lat' dir='ltr'>dubitanter</span> 
     </span>
     <span class='ocr_line' id='line_1_33' title="bbox 57 4214 1315 4293; baseline -0.008 -14"><span class='ocrx_word' id='word_1_286' title='bbox 57 4226 90 4279; x_wconf 84' lang='lat'><em>12</em></span> <span class='ocrx_word' id='word_1_287' title='bbox 108 4225 159 4281; x_wconf 87' lang='grc' dir='ltr'><em>καί</em></span> <span class='ocrx_word' id='word_1_288' title='bbox 173 4222 226 4280; x_wconf 74' lang='grc' dir='ltr'><em>δελ</em></span> <span class='ocrx_word' id='word_1_289' title='bbox 245 4223 338 4279; x_wconf 78' lang='lat' dir='ltr'>flelius</span> <span class='ocrx_word' id='word_1_290' title='bbox 406 4214 481 4282; x_wconf 78' lang='grc' dir='ltr'><em>κᾶτα</em></span> <span class='ocrx_word' id='word_1_291' title='bbox 499 4239 549 4293; x_wconf 87' lang='lat' dir='ltr'><em>pro</em></span> <span class='ocrx_word' id='word_1_292' title='bbox 567 4228 616 4280; x_wconf 85' lang='grc' dir='ltr'><em>καί</em></span> <span class='ocrx_word' id='word_1_293' title='bbox 633 4221 704 4281; x_wconf 83' lang='grc' dir='ltr'><em>τοὺσ</em></span> <span class='ocrx_word' id='word_1_294' title='bbox 719 4223 769 4279; x_wconf 92' lang='lat' dir='ltr'><em>UB</em></span> <span class='ocrx_word' id='word_1_295' title='bbox 842 4230 872 4279; x_wconf 83' lang='lat'><em>15</em></span> <span class='ocrx_word' id='word_1_296' title='bbox 890 4222 1020 4290; x_wconf 77' lang='grc' dir='ltr'><em>θάτερον</em></span> <span class='ocrx_word' id='word_1_297' title='bbox 1037 4237 1090 4275; x_wconf 88' lang='lat' dir='ltr'><em>om.</em></span> <span class='ocrx_word' id='word_1_298' title='bbox 1109 4218 1196 4285; x_wconf 83' lang='lat' dir='ltr'>UBV3</span> <span class='ocrx_word' id='word_1_299' title='bbox 1215 4216 1315 4270; x_wconf 77' lang='lat' dir='ltr'><strong>iniuria</strong></span> 
     </span>
     <span class='ocr_line' id='line_1_34' title="bbox 54 4301 1315 4382; baseline -0.005 -17"><span class='ocrx_word' id='word_1_300' title='bbox 54 4307 139 4378; x_wconf 73' lang='lat' dir='ltr'>igitur</span> <span class='ocrx_word' id='word_1_301' title='bbox 150 4307 289 4378; x_wconf 70' lang='lat' dir='ltr'><strong>vapulavit</strong></span> <span class='ocrx_word' id='word_1_302' title='bbox 305 4308 359 4363; x_wconf 86' lang='lat' dir='ltr'><em>Dio</em></span> <span class='ocrx_word' id='word_1_303' title='bbox 377 4308 480 4364; x_wconf 80' lang='lat' dir='ltr'>Cobeto</span> <span class='ocrx_word' id='word_1_304' title='bbox 498 4309 565 4364; x_wconf 79' lang='lat'>0011.</span> <span class='ocrx_word' id='word_1_305' title='bbox 586 4308 647 4363; x_wconf 82' lang='lat' dir='ltr'><strong>crit.</strong></span> <span class='ocrx_word' id='word_1_306' title='bbox 666 4325 694 4378; x_wconf 88' lang='lat' dir='ltr'><em>p.</em></span> <span class='ocrx_word' id='word_1_307' title='bbox 708 4313 740 4362; x_wconf 79' lang='lat'><em>56</em></span> <span class='ocrx_word' id='word_1_308' title='bbox 800 4314 828 4362; x_wconf 83' lang='grc'><em>11</em></span> <span class='ocrx_word' id='word_1_309' title='bbox 848 4302 1094 4382; x_wconf 79' lang='grc' dir='ltr'><em>ὕπερβαλλόντωσ</em></span> <span class='ocrx_word' id='word_1_310' title='bbox 1110 4304 1136 4357; x_wconf 88' lang='lat' dir='ltr'><strong>Y</strong></span> <span class='ocrx_word' id='word_1_311' title='bbox 1191 4308 1222 4357; x_wconf 82' lang='lat'><em>19</em></span> <span class='ocrx_word' id='word_1_312' title='bbox 1242 4301 1315 4374; x_wconf 73' lang='grc' dir='ltr'><em>οίχε·</em></span> 
     </span>
     <span class='ocr_line' id='line_1_35' title="bbox 55 4384 1316 4466; baseline -0.01 -15"><span class='ocrx_word' id='word_1_313' title='bbox 55 4392 139 4451; x_wconf 79' lang='grc' dir='ltr'><em>ταιΥ</em></span> <span class='ocrx_word' id='word_1_314' title='bbox 183 4388 535 4466; x_wconf 59' lang='grc' dir='ltr'><em>ίδσατιρδινόὴκαίῖλίδλ1</em></span> <span class='ocrx_word' id='word_1_315' title='bbox 583 4397 613 4447; x_wconf 79' lang='grc'><em>21</em></span> <span class='ocrx_word' id='word_1_316' title='bbox 630 4384 760 4451; x_wconf 78' lang='grc' dir='ltr'><em>ὀδωδότα</em></span> <span class='ocrx_word' id='word_1_317' title='bbox 771 4408 821 4462; x_wconf 81' lang='lat' dir='ltr'><em>pro</em></span> <span class='ocrx_word' id='word_1_318' title='bbox 834 4391 999 4461; x_wconf 85' lang='grc' dir='ltr'><em>μνόῶνταΥ</em></span> <span class='ocrx_word' id='word_1_319' title='bbox 1045 4390 1090 4445; x_wconf 89' lang='lat' dir='ltr'><em>Or.</em></span> <span class='ocrx_word' id='word_1_320' title='bbox 1101 4389 1262 4457; x_wconf 78' lang='lat' dir='ltr'>v1§1-39</span> <span class='ocrx_word' id='word_1_321' title='bbox 1273 4386 1316 4439; x_wconf 84' lang='lat' dir='ltr'><em>M¹</em></span> 
     </span>
    </p>
   </div>
   <div class='ocr_carea' id='block_1_7' title="bbox 56 4473 1110 4616">
    <p class='ocr_par' dir='ltr' id='par_1_13' title="bbox 56 4473 1110 4616">
     <span class='ocr_line' id='line_1_36' title="bbox 56 4473 1110 4591; baseline -0.002 -56"><span class='ocrx_word' id='word_1_322' title='bbox 56 4481 171 4535; x_wconf 67' lang='lat' dir='ltr'>notatur</span> <span class='ocrx_word' id='word_1_323' title='bbox 248 4482 375 4550; x_wconf 83' lang='grc' dir='ltr'><em>25όιῆγεν</em></span> <span class='ocrx_word' id='word_1_324' title='bbox 393 4478 443 4534; x_wconf 86' lang='lat' dir='ltr'><em>UV</em></span> <span class='ocrx_word' id='word_1_325' title='bbox 531 4473 651 4550; x_wconf 79' lang='grc' dir='ltr'><em>ἀθήνησι</em></span> <span class='ocrx_word' id='word_1_326' title='bbox 669 4479 694 4533; x_wconf 87' lang='lat' dir='ltr'><strong>V</strong></span> <span class='ocrx_word' id='word_1_327' title='bbox 1096 4561 1110 4591; x_wconf 33' lang='grc' dir='ltr'>ᾖ</span> 
     </span>
     <span class='ocr_line' id='line_1_37' title="bbox 1078 4565 1095 4616; baseline 0 0"><span class='ocrx_word' id='word_1_328' title='bbox 1078 4565 1095 4616; x_wconf 87' lang='grc'><strong>6</strong></span> 
     </span>
    </p>
   </div>
   <div class='ocr_carea' id='block_1_8' title="bbox 0 0 1539 5160">
    <p class='ocr_par' dir='ltr' id='par_1_14' title="bbox 0 0 1539 5160">
     <span class='ocr_line' id='line_1_38' title="bbox 0 0 1539 5160; baseline 0 0"><span class='ocrx_word' id='word_1_329' title='bbox 0 0 1539 5160; x_wconf 95' lang='lat' dir='ltr'><em> </em></span> 
     </span>
    </p>
   </div>
  </div>
 </body>
</html>
