3068 5160
119 289 160 348 40
579 282 702 338 DIONIS
720 281 771 335 DE
789 279 916 336 REGNO

119 459 325 545 καλουμένης
344 452 462 534 Ἀσίας
485 456 564 543 όλης
579 460 674 543 ἀρχει
696 461 811 541 μέχρις
831 447 957 518 Ἰνδῶν·
981 451 1129 528 πολλούς
1145 450 1180 515 δὲ
1196 454 1256 514 καί
1273 452 1389 513 αὐτῶν

123 580 230 650 φασιν
252 565 452 624 ὑπακούειν·
481 570 541 647 τῆς
565 557 600 621 δέ
623 559 760 643 Λιβύης
783 565 844 619 τού
865 554 1023 631 πλείονος
1048 561 1186 640 μέρους·
1217 556 1254 616 έν
1284 550 1325 615 δέ
1350 561 1389 638 τῆ

124 667 269 749 Εὐρώπη
296 662 431 748 Θρᾴκης
453 665 509 725 καὶ
531 657 764 734 Μακεδονίας·
793 661 954 721 ἁπάντων
982 661 1110 720 τούτων
1134 660 1268 741 κρατεῖ·
1294 656 1387 717 ,ὅθεν

72 768 112 833 38
124 765 162 852 δή
186 768 242 827 καί
264 770 368 847 μέγας
397 761 556 846 βασιλεύς
584 759 740 846 κέκληται
769 764 872 840 μόνος
901 763 1035 834 ἐκεῖνος.
1080 760 1136 821 καί
1158 760 1176 820 ό
1198 759 1388 842 Σωκράτης

124 866 230 944 εἶπεν,
250 858 342 928 Ἀλλ’
370 864 446 928 οὐδὲ
469 873 568 927 τοῦτο
593 861 669 925 οἶδα
693 860 779 938 ὅλως
801 881 847 944 γε,
871 863 901 923 εί
923 859 1082 943 βασιλεύς
1105 863 1179 922 έστι
1193 862 1256 945 τήν
1280 860 1419 944 ἀρχήνῡ

125 966 285 1048 οὐδεμιᾶς
308 965 441 1042 πόλεως
462 969 481 1052 ἢ
505 969 627 1051 κώμης.
672 967 718 1026 Σύ
742 966 818 1049 ἀρα,
842 962 928 1040 εἶπε,
957 966 1060 1043 μόνος
1083 963 1226 1047 ἀνήκοος
1254 959 1293 1022 εἶ
1311 962 1388 1021 τού-

125 1093 192 1133 των
216 1072 386 1145 ἀπόντες
410 1069 524 1130 ἴσασιν
532 1091 543 1143 ,·
563 1060 700 1144 Ἀκούω,
725 1068 801 1151 ἔφη,
826 1061 962 1126 πολλῶν
986 1061 1147 1146 λεγόντων
1171 1065 1251 1124 ὑσὺ
1277 1059 1389 1144 λέγεις

124 1175 181 1235 καί
206 1164 366 1257 Ἑλλήνων
394 1172 450 1232 καί
472 1171 667 1253 βαρβάρων·
697 1169 716 1229 ό
740 1166 775 1229 δὲ
806 1169 864 1228 οὐκ
891 1165 930 1250 έᾷ
959 1187 1001 1247 με
1029 1168 1225 1248 γιγνώσκειν
1256 1164 1276 1225 δ
1302 1161 1389 1246 λέγω

74 1276 114 1339 39
127 1277 280 1336 τοιοῦτόν
303 1275 412 1334 ἐστιν·
438 1273 495 1332 οὐκ
517 1269 604 1347 οίδα,
629 1270 654 1332 ώ
678 1272 805 1354 ἄριστε,
837 1272 867 1330 εί
890 1270 1040 1348 νομίμως
1062 1269 1118 1330 καί
1144 1265 1288 1337 δικαίως
1313 1265 1390 1324 τού-

126 1397 193 1437 των
216 1376 377 1435 ἀπάντων
393 1378 599 1457 προέστηκεν
614 1374 670 1434 καὶ
685 1378 839 1445 τοιοῦτος
862 1373 908 1431 ών
931 1373 1053 1432 ὁποῖον
1069 1368 1183 1453 εἴρηκα
1200 1363 1389 1440 πολλάκις·
1410 1377 1431 1427 ιο

128 1480 159 1539 εί
173 1479 234 1557 μὲν
250 1476 312 1559 γάρ
329 1477 505 1556 εὐγνώμων
520 1476 576 1536 καί
592 1470 843 1559 φιλάνθρωπος
858 1474 914 1534 καὶ
928 1475 1071 1552 νόμιμος
1093 1473 1139 1533 ών
1156 1471 1216 1532 έπί
1233 1469 1390 1552 σωτηρίη

128 1575 246 1659 καὶτῷ
265 1581 472 1661 συμφέροντι
483 1583 549 1638 τῶν
562 1577 754 1659 ἀρχομένων
765 1572 988 1654 ἐπιμελεῖται,
1005 1576 1105 1648 αὐτὸς
1121 1579 1261 1658 πρῶτος
1278 1568 1390 1633 εὐδαί-

127 1701 200 1759 μων
217 1672 284 1761 [nal
300 1672 477 1762 φρόνιμος]
494 1680 550 1756 ών,
572 1678 732 1760 καθάπερ
757 1675 865 1754 εἷπον,
890 1679 946 1739 καί
961 1681 1034 1750 τοῖς
1049 1672 1165 1749 ἀλλοις
1180 1669 1390 1754 μεταδιδούς

128 1775 206 1864 [καί]
223 1788 282 1864 τῆς
299 1781 404 1841 αὑτοῦ
425 1777 650 1860 εὐδαιμονίας,
675 1781 713 1840 οὐ
737 1776 812 1858 δίχα
836 1781 913 1854 θεὶς
934 1783 973 1840 τό
995 1799 1031 1840 τε
1055 1779 1159 1838 αὑτοῦ
1178 1777 1236 1837 καί
1258 1776 1300 1836 τό
1324 1781 1390 1835 τῶν

128 1885 320 1967 ἀρχομένων
345 1886 527 1967 συμφέρον,
550 1879 634 1943 ἀλλά
658 1886 734 1944 τότε
754 1883 881 1966 χαίρων
893 1878 1041 1961 μάλιστα
1063 1881 1119 1940 καί
1141 1881 1218 1938 τότε
1241 1871 1390 1956 νομίζων
1410 1887 1431 1936 15

129 1987 251 2068 ἀριστα
282 1985 460 2067 πράττειν,
490 1987 569 2046 όταν
594 1982 656 2068 όρᾷ
686 1981 797 2058 καλῶς
826 1986 1038 2067 πράττοντας
1060 1983 1139 2054 τούς
1169 1980 1388 2062 ἀρχομένους,

80 2091 119 2150 40
132 2084 271 2166 δυνάμει
294 2105 330 2146 τε
352 2088 510 2167 μέγιστός
532 2087 625 2147 έστιν
647 2087 703 2147 καί
724 2082 883 2166 βασιλεύς
906 2081 1061 2168 ἀληθῶς·
1088 2083 1119 2143 εί
1142 2078 1178 2142 δὲ
1202 2077 1389 2166 φιλήδονος

127 2191 184 2250 καί
214 2184 467 2273 φιλοχρήματος
496 2189 552 2248 καὶ
581 2188 741 2272 ὑβριστής
774 2190 830 2249 καί
863 2189 1071 2270 παράνομος,
1101 2185 1202 2245 αὑτόν
1232 2185 1389 2263 οἰόμενος

130 2286 242 2366 αὐξειν
262 2290 381 2368 μόνον,
412 2289 457 2362 ώς
486 2289 526 2349 ἀν
556 2285 700 2350 πλεῖστα
726 2291 787 2368 μὲν
807 2290 961 2373 χρήματα
989 2289 1197 2370 κεκτημένος,
1226 2285 1389 2366 μεγίστας
1401 2291 1439 2341 (ὑί

131 2387 166 2452 δὲ
200 2391 256 2451 καί
290 2385 454 2462 πλείστας
480 2392 714 2472 καρπούμενος
743 2387 882 2474 ῆδονάς,
916 2390 1082 2473 ῥᾳθύμως
1113 2384 1148 2448 δέ
1179 2383 1309 2468 διάγων
1336 2385 1432 2446 καλώ

131 2494 285 2566 ἀπόνως·
301 2492 380 2564 τούς
394 2486 429 2551 δὲ
444 2491 614 2574 ὑπηκόους
630 2493 784 2565 ἅπαντας
795 2493 978 2576 ήγούμενος
994 2487 1134 2562 δούλους
1144 2489 1201 2549 καὶ
1216 2490 1388 2572 ὑπηρέτας

82 2598 192 2679 41τῆς
216 2594 320 2655 αὑτού
345 2600 491 2678 τρυφῆς,
523 2589 599 2653 οὐδὲ
631 2597 794 2672 ποιμένος
823 2595 993 2666 ἐπιεικοῦς
1019 2592 1101 2669 ἔχων
1126 2585 1229 2674 ήθος,
1263 2593 1388 2673 σκέπης

83 2735 85 2742 ,
132 2698 188 2758 καί
216 2704 320 2782 νομῆς
349 2696 599 2779 προνοούμενος
627 2698 700 2768 τοῖς
729 2695 832 2755 αὑτοῦ
851 2696 1014 2779 κτήνεσιν,
1045 2694 1095 2754 ἔτι
1123 2689 1158 2753 δὲ
1186 2692 1304 2778 θῆρας
1325 2693 1388 2752 ἀπ-

134 2801 267 2878 αμύνων
289 2799 345 2858 καί
369 2804 487 2882 φῶρας
510 2793 769 2880 προφυλάττων,
793 2793 856 2857 ἀλλ
872 2785 1023 2878 ’<αύτός>
1038 2801 1175 2879 πρῶτος
1191 2789 1388 2879 διαρπάζων

134 2921 169 2961 τε
191 2902 247 2962 καί
270 2899 426 2984 φθείρων
441 2899 585 2971 καὶτοῖς
601 2893 718 2970 ἀλλοις
734 2899 939 2982 ἐπιτρέπων,
961 2898 1132 2981 καθάπερ,
1157 2895 1264 2976 οἶμαι,
1289 2892 1431 2958 πολε-ὑ

132 3002 219 3079 μίων
249 2997 356 3075 λείαν,
388 3000 446 3058 οὐκ
476 3000 516 3059 ἀν
540 3018 625 3060 ποτε
654 2997 789 3079 εἴποιμι
818 3001 876 3061 τόν
898 3007 1052 3061 τοιούτου
1081 3001 1225 3084 ἄρχοντα
1248 2999 1267 3083 ἢ
1294 2999 1388 3059 αὐτο-

133 3103 279 3185 κράτορα
301 3100 320 3183 ἢ
344 3096 502 3179 βασιλέα,
534 3096 621 3160 πολύ
646 3097 681 3161 δέ
704 3097 832 3180 μᾶλλον
861 3104 1021 3182 τύραννον
1047 3103 1104 3163 καί
1134 3097 1316 3186 λευστῆρα,
1346 3099 1389 3172 ὥς

222 3338 233 3386 1
254 3334 357 3388 πολλοὶ
374 3330 404 3388 δέ
421 3334 470 3387 καί
488 3323 577 3401 αὑτῆσ
593 3330 643 3385 UB
661 3327 775 3389 τούτων
792 3335 852 3403 (pro
870 3327 975 3400 αὐτῶν)
993 3333 1056 3387 wil.
1141 3336 1156 3386 2
1174 3331 1205 3390 δὲ
1221 3333 1296 3397 (ante
1315 3336 1388 3404 Λιβ.)

134 3433 185 3472 om.
204 3416 280 3472 UBV
365 3411 436 3473 τούσ
459 3417 600 3473 πλείονασ
619 3415 665 3470 UB
750 3417 859 3491 μέρουσ
876 3434 927 3473 om.
947 3417 1019 3474 UBV
1106 3421 1257 3491 3κρατεῖν
1274 3416 1324 3472 UB

135 3499 282 3558 5ssatth
334 3502 497 3556 efortasse:
518 3493 579 3558 οὐδ’
598 3501 625 3558 εἰ
639 3505 706 3571 μιᾶς
723 3501 837 3567 πόλεως
854 3497 872 3571 ἢ
889 3498 985 3574 κώμης
1001 3498 1119 3574 (ἀρχα)
1176 3496 1256 3560 εἶπεν
1272 3501 1323 3559 VU
1378 3528 1380 3532 ⁸

134 3583 245 3644 τούτων
268 3576 398 3644 ἀπαντεσ
422 3585 469 3641 VP
573 3583 678 3644 τούτου
700 3580 735 3644 δν
752 3587 801 3643 UB
897 3584 1083 3659 8γινώσκειν
1105 3587 1153 3644 VP
1251 3592 1282 3644 10
1304 3580 1388 3660 προί·

135 3671 251 3727 στικεΡ
293 3705 299 3718 ·
337 3669 456 3744 είρηκασ
473 3671 547 3727 UBV
635 3677 663 3726 11
683 3671 735 3740 μέν
752 3667 809 3745 γάρ
827 3671 874 3726 UB
891 3673 944 3741 μέν
963 3664 1014 3730 οὑν
1031 3673 1053 3727 P
1069 3673 1165 3743 μένἾ
1254 3676 1286 3727 13
1304 3665 1389 3729 εὐδαί-

133 3775 197 3823 μων
220 3759 268 3812 καί
298 3753 445 3828 φρόνιμοσ
466 3755 491 3810 V
513 3759 562 3812 καί
585 3751 725 3826 εὐδαίμων
747 3759 795 3812 καί
818 3747 964 3829 φρόνιμοσ
988 3757 1035 3812 UB
1058 3761 1106 3814 καὶ
1132 3751 1280 3829 φρόνιμοσ
1302 3749 1390 3812 εὐδαί-

134 3860 198 3908 μων
215 3840 244 3907 Ρ,
263 3841 345 3895 verba
362 3843 411 3897 καί
429 3836 574 3912 φρόνιμοσ
592 3842 655 3895 secl.
676 3841 755 3910 Emp.
858 3836 954 3898 ύιόοὺσ
971 3841 1020 3896 UB
1122 3846 1172 3899 καί
1189 3846 1252 3895 ante
1270 3843 1320 3910 τῆς
1337 3839 1390 3894 ἀεί.

136 3926 236 3980 Reiske
308 3930 340 3979 14
363 3918 691 3996 οὐδιόαχθείσλίούἀι
816 3922 918 3983 τότεΡ
985 3931 1023 3980 17.
1043 3924 1210 3983 έστιοω.Ρ
1267 3929 1306 3980 18.
1325 3924 1390 3980 scri-

136 4012 267 4066 bendum:
285 4004 373 4066 αὑτὸν
389 4005 569 4082 βουλόμενος
585 4006 680 4077 αόξειν
694 4012 735 4065 vel
749 4007 976 4082 οίόμενος<δεῖν>
986 4007 1080 4077 αὐξειν
1128 4015 1158 4065 19
1174 4010 1323 4083 πληοταί

137 4096 216 4150 immo
235 4091 396 4163 κτώμενος,·
418 4093 442 4148 οἱ
461 4095 634 4166 κεκτημένος
651 4102 780 4162 servatur,
797 4097 870 4150 infra
888 4096 1061 4150 scribendum
1082 4100 1138 4151 est:
1158 4092 1295 4173 ῥᾳθύμως
1311 4089 1391 4166 διάγῃ

136 4183 185 4235 καὶ
207 4185 257 4234 etc.
280 4180 367 4234 deleto
393 4178 422 4235 δέ
529 4182 557 4233 21
578 4174 723 4254 ὑπηρέτασ
746 4174 852 4238 αὐτοὺσ
875 4184 986 4255 τρυφῆσ
1008 4181 1033 4236 V
1142 4185 1173 4235 23
1198 4184 1292 4251 νομῆσ
1313 4179 1391 4248 Emp.

137 4268 229 4335 μονῆσ
246 4265 309 4320 libri
326 4279 419 4319 omnes
535 4261 668 4335 κτήνεσιν
685 4266 763 4333 Emp.
788 4281 858 4320 corr.
877 4265 899 4318 P
921 4259 1061 4334 κτήμασιν
1082 4265 1157 4322 UBV
1264 4269 1297 4319 24
1320 4246 1391 4321 ἀλλά

138 4353 254 4418 πρῶτος
271 4349 341 4416 libri,
361 4342 453 4405 αὐτὸσ
471 4349 532 4404 add.
550 4349 630 4420 Emp.
731 4353 770 4402 25.
789 4351 964 4421 διαφθείρων
982 4349 1006 4404 U
1082 4354 1123 4404 27.
1143 4346 1285 4423 τύραννον
1302 4353 1393 4406 κελευ

138 4437 229 4505 στῆρα
247 4433 293 4488 VP
364 4425 564 4490 όποτεΠΒἾ
