3068 5160
564 328 700 384 ORATIO
722 329 822 384 XXXI.
1086 365 1088 370 ,
1259 326 1322 385 265

69 507 176 577 οὑτως
209 505 249 565 τὰ
279 507 420 589 ὑμέτερα
453 512 510 566 νῦν
539 506 607 583 ἔχει
637 507 724 587 πρός
752 506 811 589 τὴν
835 495 983 564 Ἑλλάδα.
1038 506 1081 588 μὴ
1112 503 1173 586 γάρ
1206 501 1345 564 οἴεσθε

68 608 255 691 πρωτεύειν
278 607 389 692 αὐτῆς,
414 604 533 691 ἀνδρες
551 598 684 682 Ῥόδιοι,
708 607 752 689 μὴ
778 602 906 666 οἴεσθε.
944 612 1011 668 τῶν
1032 606 1094 689 γάρ
1120 601 1251 681 ζώντων
1274 606 1326 667 ἔτι

67 709 123 770 καί
146 715 212 769 τῶν
236 709 496 788 αἰσθανομένων
519 717 618 794 τιμῆς
641 696 661 793 ἢ
685 703 824 783 ἀδοξίας
852 707 925 768 ἔστι
957 709 1113 790 πρώτους
1142 707 1239 770 είναι.
1285 708 1326 768 τά

70 808 105 872 δέ
135 812 262 895 ἐκείνης
293 809 421 889 οἴχεται
447 812 504 872 καί
532 813 644 872 πάντα
673 812 801 894 τρόπον
832 809 979 893 αἰσχρῶς
1002 810 1059 870 καί
1084 805 1237 883 ἐλεεινῶς
1261 806 1327 870 διέ-

27 924 42 971 5
68 913 241 998 φθαρται·
264 915 320 974 καί
344 909 419 974 οὑδὲ
443 914 626 997 ἐπινοῆσαι
650 908 772 973 λοιπόν
795 911 869 972 ἐστι
898 913 957 995 τὴν
985 912 1152 995 ὑπεροχὴν
1181 913 1237 974 καί
1266 914 1324 997 τὴν

70 1011 292 1098 λαμπρότητα
321 1021 387 1075 τῶν
418 1010 552 1075 πόλεων
582 1012 632 1088 εἰς
659 1032 695 1094 γε
725 1014 804 1086 τοὺς
832 1009 957 1096 ἀνδρας
989 1013 1128 1096 δρῶντα.
1188 1005 1263 1074 ἀλλ’
1297 1014 1330 1074 οί
1348 1014 1407 1075 161)

71 1113 168 1178 λίθοι
190 1113 315 1196 μάλλον
338 1117 545 1200 ἐμφαίνουσι
561 1118 620 1200 τὴν
641 1118 827 1199 σεμνότητα
842 1115 899 1176 καὶ
921 1116 958 1175 τδ
976 1115 1124 1195 μέγεθος
1147 1106 1326 1200 τῆςἙλλά-

71 1215 129 1292 δος
151 1220 207 1280 καί
228 1219 269 1279 τά
293 1219 429 1302 ἐρείπια
452 1225 519 1280 τῶν
543 1215 836 1301 οἰκοδομημάτων·
860 1217 937 1278 ἐπεὶ
960 1217 1081 1290 αὐτούς
1095 1236 1132 1298 γε
1147 1218 1225 1291 τοὺς
1241 1219 1327 1278 ἐνοι-

69 1328 210 1394 κοῦντας
234 1322 290 1382 καί
318 1323 397 1395 τοὺς
426 1317 708 1400 πολιτευομένους
738 1320 795 1380 οὐκ
824 1319 864 1380 ἀν
893 1317 987 1379 εἴποι
1014 1339 1066 1392 τις
1097 1315 1172 1379 οὑδὲ
1196 1319 1327 1380 Μυσῶν

19 1432 47 1482 1ο
69 1424 275 1504 ἀπογόνους·
300 1425 386 1484 ὥστε
409 1423 523 1503 ἔμοιγε
547 1418 684 1482 δοκοῦσι
706 1427 773 1482 τῶν
797 1421 904 1494 οὑτως
928 1421 1130 1499 οἰκουμένων
1147 1422 1184 1481 αἱ
1205 1417 1328 1495 τελέως

72 1525 277 1607 ἀνῃρημέναι
313 1521 432 1598 πόλεις
460 1527 610 1607 κρεῖττον
643 1519 881 1583 ἀπαλλάττειν.
937 1523 1032 1606 ὑγιὴς
1060 1522 1121 1606 γάρ
1151 1527 1170 1607 η
1201 1525 1329 1584 τούτων

70 1628 180 1709 μνήμη
210 1631 320 1706 μένει,
355 1628 411 1687 καί
438 1628 477 1687 τό
507 1626 612 1704 ὄνομα
641 1614 688 1685 δι’
721 1615 825 1686 οὑθέν
853 1619 1025 1708 ὑβρίζεται
1059 1631 1126 1685 τῶν
1162 1627 1328 1709 πρότερον

10 1741 57 1791 iii)
71 1726 196 1790 καλῶν·
233 1730 349 1807 ὥσπερ
378 1727 474 1808 οἶμαι
502 1728 558 1788 καί
586 1732 653 1787 τῶν
679 1727 878 1788 τεθνεώτων
907 1723 955 1807 τῴ
985 1727 1089 1788 παντί
1122 1723 1256 1807 βέλτιον
1286 1726 1327 1787 τά

75 1833 214 1910 σώματα
238 1831 433 1915 ἀνῃρῆσθαι
448 1831 504 1890 καί
518 1825 645 1912 μηδένα
663 1817 778 1913 όροῖνῆ
802 1828 993 1913 φαίνεσθαι
1011 1830 1195 1910 σηπόμενα.
1276 1831 1332 1892 καί
1349 1829 1407 1892 161

23 1942 51 1990 15
73 1941 177 1993 ταῦτα
203 1934 264 2011 μὲν
294 1930 378 2004 ἴσως
407 1927 515 1991 πλείω
544 1928 610 1991 τῶν
640 1930 778 1991 εἰκόνιον
807 1926 941 2014 ἐπῆλθέ
967 1949 1028 2008 μοι
1055 1931 1244 2013 μνησθέντι
1270 1939 1329 2016 τῆς

76 2032 154 2117 όλης
169 2035 419 2106 καταστάσεως.
457 2034 563 2094 ἐκεῖνο
582 2020 614 2092 δ’
639 2032 718 2110 ὑμῖν
733 2026 920 2115 ἐβουλόμην
936 2039 1082 2115 ποιῆσαι
1098 2033 1254 2116 φανερόν,
1279 2034 1331 2092 ότι

73 2139 173 2214 μόνοι
194 2132 448 2196 καταλείπεσθε
471 2133 537 2195 τῶν
556 2124 727 2218 Ἑλλήνων,
752 2132 804 2206 οἷς
826 2133 867 2193 ἀν
889 2134 945 2193 καί
971 2139 1179 2216 παραινέσαι
1201 2153 1253 2206 τις
1275 2133 1331 2194 καί

75 2237 153 2319 περί
176 2234 221 2297 ὧν
245 2236 337 2297 ἐστιν
360 2236 412 2297 έτι
435 2231 632 2320 λυπηθῆναι
656 2232 843 2296 ἀσκούντων
866 2236 1080 2319 ἁμαρτάνειν.

160 2339 298 2411 εἰκότως
321 2338 361 2398 ἀν
385 2336 443 2398 οὑν
466 2339 649 2420 πρόσχοιτε
666 2339 781 2411 αὑτοῖς
795 2337 852 2398 καί
874 2338 986 2399 πάντα
1005 2339 1046 2398 τά
1063 2346 1203 2400 τοιαῦτα
1219 2336 1330 2415 ἐξετά-

21 2450 50 2499 10
74 2436 162 2515 ζοιτε
186 2439 422 2523 ἀκριβέστερον
451 2445 517 2499 τῶν
545 2441 729 2522 προγόνων.
775 2439 916 2513 ἐκείνοις
943 2440 1005 2519 μὲν
1033 2440 1095 2524 γάρ
1125 2443 1160 2502 ἐν
1189 2437 1331 2515 πολλοῖς

72 2545 218 2626 ὑπῆρχεν
235 2544 363 2627 ἑτέροις
374 2546 393 2626 η
405 2550 465 2626 τῆς
477 2542 597 2625 ἀρετῆς
608 2537 784 2618 ἐπίδειξις,
801 2543 836 2602 ἐν
848 2538 895 2622 τῴ
909 2544 1119 2625 προεστάναι
1130 2549 1197 2604 τῶν
1210 2539 1330 2620 ἀλλων,

72 2646 107 2706 ἐν
122 2643 170 2726 τῴ
186 2643 330 2728 βοηθεῖν
346 2647 418 2718 τοῖς
434 2640 678 2723 ἀδικουμένοις,
702 2644 737 2703 ἐν
753 2641 802 2723 τῷ
819 2644 1188 2723 συμμάχουςκτάσθαι,
1212 2641 1331 2719 πόλεις

73 2741 220 2823 οἰκίζειν,
243 2753 337 2807 νικᾶν
354 2742 603 2826 πολεμοῦντας·
626 2746 704 2823 ὑμῖν
721 2741 757 2805 δὲ
780 2753 935 2807 τοιοῦτον
957 2747 1019 2824 μὲν
1042 2745 1147 2806 οάθέν
1170 2748 1332 2830 πράττειν
1351 2746 1411 2808 162

72 2850 193 2925 ἔνεστι,
215 2845 459 2909 καταλείπεται
475 2836 505 2908 δ’
534 2845 630 2926 οἶμαι
645 2847 683 2906 τό
700 2849 827 2909 ἑαυτῶν
844 2849 1055 2932 προεστάναι
1069 2848 1126 2908 καί
1147 2849 1206 2932 τὴν
1229 2846 1331 2911 πόλιν

21 2961 48 3009 15
74 2948 214 3010 διοικεῖν
229 2950 285 3009 καί
299 2950 337 3009 τό
353 2949 496 3033 τιμῆσαί
510 2969 585 3009 τινα
600 2948 656 3008 καί
671 2945 871 3031 κροταλίσαι
885 2953 929 3035 μη
949 2953 1023 3023 τοῖς
1045 2945 1189 3024 πολλοῖς
1205 2952 1332 3029 ὁμοίως

73 3053 129 3112 καί
151 3052 189 3110 τό
213 3046 469 3129 βουλεύσασθαι
490 3051 546 3110 καί
568 3050 606 3109 τό
631 3044 768 3111 δικάσαι
789 3052 846 3112 καί
867 3054 905 3113 τδ
929 3059 1002 3128 τοῖς
1024 3053 1124 3127 θεοῖς
1146 3052 1255 3114 θῦσαι
1276 3055 1333 3116 καί

74 3154 112 3213 τό
137 3153 230 3232 ἀγειν
253 3153 386 3234 ἑορτήν·
414 3153 449 3213 ἐν
473 3150 526 3225 οίς
549 3152 678 3212 ἅπασιν
709 3151 783 3212 ἔστι
805 3150 958 3232 βελτίους
984 3162 1051 3217 τῶν
1080 3151 1191 3216 ἀλλων
1216 3156 1331 3239 φαίνε-

77 3254 173 3314 σθαι.
305 3254 478 3335 τοιγάρτοι
500 3254 556 3314 καί
578 3253 619 3314 τά
642 3261 782 3314 τοιαῦτα
805 3255 898 3333 ὑμῶν
921 3257 1063 3318 ἐπαίνου
1086 3259 1254 3338 τυγχάνει,
1277 3259 1334 3320 καί

75 3357 295 3436 γιγνώσκεται
318 3354 411 3437 παρά
436 3360 540 3418 πᾶσιν
564 3355 621 3433 οὑχ
644 3357 691 3429 ὡς
712 3357 832 3439 μικρά,
856 3359 894 3417 τό
917 3353 1085 3437 βάδισμα,
1108 3363 1128 3439 η
1150 3362 1270 3443 κουρά,
1294 3361 1332 3420 τό

23 3470 52 3519 30
74 3454 201 3541 μηδένα
227 3457 339 3537 σοβεῖν
364 3453 419 3516 διά
442 3464 502 3539 τῆς
517 3453 660 3534 πόλεως,
684 3451 935 3537 ἀναγκάζεσθαι
958 3455 993 3519 δέ
1018 3456 1075 3520 διά
1096 3463 1155 3545 την
1170 3463 1333 3544 ὑμετέραν

78 3560 262 3643 συνήθειαν
284 3559 341 3620 καί
362 3560 440 3632 τοὺς
463 3555 713 3642 ἐπιδημοῦντας
732 3555 845 3636 ξένους
859 3560 1087 3635 καθεστώτως
1102 3564 1333 3645 πορεύεσθαι·

75 3664 235 3745 καθάπερ
260 3659 434 3740 οἶμαικαὶ
456 3662 535 3734 τοὺς
564 3662 740 3744 ἀγροίκους
769 3657 854 3722 ἰδεῖν
883 3663 991 3740 ἔστιν,
1021 3665 1100 3726 όταν
1130 3665 1179 3738 εἰς
1210 3662 1333 3726 παλαί-

77 3812 239 3820 n-——mv-.-.u
488 3813 584 3817 —
592 3813 603 3817 ,-

166 3903 176 3950 1
199 3893 314 3953 οἴεσθαι
331 3895 361 3949 Μ
431 3899 446 3948 2
464 3899 547 3964 ζωῶν
564 3896 590 3951 U
660 3898 674 3946 3
693 3891 803 3966 ἐκείνης
821 3910 855 3949 ex
868 3896 937 3951 coni.
955 3898 1064 3967 scripsi;
1082 3898 1146 3952 libri
1163 3895 1283 3955 ἐκείνων

77 3986 94 4034 4
112 3976 234 4053 αἰσχρὸν
246 3982 275 4034 Μ
345 3985 361 4035 6
379 3977 423 4038 εἰσ
436 4001 466 4037 τε
479 3981 509 4034 Μ
578 3975 693 4037 πόλεων
704 3979 812 4049 Pflngk,
835 3984 940 4036 παθῶν
957 3981 1028 4047 libri,
1046 3983 1119 4050 quod
1136 3989 1227 4038 servat
1244 3984 1334 4054 Emp.‚

77 4067 211 4140 πατέρων
224 4067 276 4130 (vel
288 4063 376 4124 πάλαι
388 4067 430 4121 vel
442 4069 583 4131 παλαιῶν)
596 4064 704 4130 Reiske,
719 4069 866 4138 πατρίδων
878 4065 993 4132 Selden„
1011 4063 1168 4138 προγόνων
1181 4069 1300 4124 Cobetus

78 4156 92 4206 8
111 4157 175 4206 ante
191 4149 254 4208 ἐπεὶ
271 4166 362 4221 pauca
380 4151 511 4206 excidisse
529 4149 654 4218 suspicor
735 4157 750 4204 9
770 4144 836 4207 αἰδὲ
854 4165 904 4218 pro
923 4144 987 4208 οὑδὲ
1004 4153 1030 4208 U
1103 4158 1130 4208 11
1150 4154 1333 4208 scribendum:

75 4232 154 4308 ὑγιὴς
177 4231 233 4310 γὰρ
257 4232 367 4292 τούτων
384 4231 401 4308 ἢ
418 4231 511 4306 μνήμη
534 4235 612 4304 μένει
637 4239 695 4292 τῶν
713 4232 860 4306 πρότερον
877 4240 974 4291 καλῶν
995 4232 1097 4294 καὶτὸ
1117 4234 1211 4307 άνομα
1229 4244 1281 4294 etc.

79 4327 109 4377 12
128 4325 187 4378 τῶν
205 4337 257 4376 om.
277 4320 326 4375 UT
381 4325 411 4376 19
429 4316 615 4389 ἐξετάζοντεσ
633 4320 682 4376 UT
744 4325 776 4374 22
794 4316 903 4376 ένεστιν
920 4320 950 4374 Μ
1011 4325 1041 4376 13
1061 4326 1235 4381 καταλίπετε
1253 4325 1283 4378 Μ

77 4412 110 4461 29
130 4400 209 4478 παρὰ
228 4407 326 4462 παισὶν
343 4405 373 4459 Μ
442 4401 546 4479 σμικρὰ
565 4405 589 4459 Β
658 4411 689 4458 31
709 4401 902 4469 καθεστώτως
919 4405 1027 4474 Reiske‚
1045 4409 1180 4477 probante
1196 4408 1334 4479 EmperiO,

77 4495 267 4556 καθεστῶτας
284 4489 347 4544 libri
398 4493 430 4543 32
449 4483 590 4562 ἀγρίκουσ
608 4490 639 4544 Μ
