3068 5160
71 311 131 368 246
539 306 662 362 DIONIS
680 306 869 363 RHODIAOA

71 489 184 570 ἡρωας
208 484 265 544 σύν
288 474 395 564 ηίοντο
419 480 488 544 δεῖν
511 485 725 567 ἐπιγράφειν,
749 483 795 555 ὡς
818 483 858 542 ἀν
883 484 994 543 ἀπασι
1016 483 1206 565 γνωρίμους
1224 482 1342 556 όντας,

71 591 248 670 ἡγούμενοι
272 582 328 646 διὰ
352 587 411 670 τὴν
433 582 623 670 ὑπερβολὴν
646 593 705 670 τὴς
727 587 803 645 τότε
821 584 922 668 ούσης
939 581 1038 668 δόξης
1057 586 1106 658 είς
1122 586 1268 644 ἅπαντα
1285 585 1344 643 καὶ

72 692 129 751 τόν
153 688 257 761 αόθις
276 690 396 766 χρόνον
420 692 627 771 παραμενεῖν
649 689 687 748 τό
712 687 833 765 όνομα·
861 688 882 770 ἡ
911 707 1011 747 τινων
1040 687 1198 770 ἡμιθέων
1229 686 1251 769 ἢ
1285 687 1344 746 καὶ

71 793 164 854 θεῶν
187 792 285 863 όντας
307 790 446 872 ὕστερον
470 789 681 872 ἀγνοηθῆναι
705 784 761 848 διά
784 789 842 848 τόν
855 790 985 870 χρόνον.
1026 782 1115 869 [τούς
1138 788 1201 871 γάρ
1227 788 1344 860 θεούς

72 895 276 976 ἐπιγράφειν
300 892 357 951 ούκ
380 892 472 952 ἐστιν
488 892 587 965 ἐθος·
611 892 657 964 ὡς
679 891 781 971 ἔγωγε
798 890 855 949 ούκ
872 884 1049 965 ἀπελπίζω
1065 891 1204 951 καὶτῶν
1222 886 1345 950 ἀλλων
1366 901 1379 948 5

21 994 167 1067 92τινάς
189 991 277 1054 εἶναι
304 985 502 1075 τοιούτους]
553 995 588 1054 ἐν
616 999 694 1073 γοῦν
720 991 850 1076 Θὴβαις
869 983 1035 1065 Ἀλκαῖος
1065 993 1246 1053 ἀνάκειταί
1278 1013 1344 1067 τις,

74 1096 111 1158 όν
130 1087 293 1180 Ἡρακλέα
325 1096 429 1179 φασίν
458 1093 562 1171 εἶναι,
592 1097 758 1179 πρότερον
788 1095 874 1154 ούτω
904 1090 1125 1173 καλούμενον·
1155 1094 1214 1154 καί
1248 1084 1342 1176 παρ’

68 1188 280 1282 Ἀθηναίοις
293 1189 493 1258 Ἑλευσινίου
508 1194 779 1276 μύστουπαιδός
795 1197 892 1257 είκιὸν
909 1197 966 1255 ούκ
982 1197 1103 1274 ἔχουσα
1119 1198 1344 1280 ἐπιγραφήν·

72 1302 223 1362 κάκεῖνον
247 1297 335 1360 εἶναι
358 1295 510 1379 λέγουσιν
522 1290 695 1382 Ἡρακλέα.
731 1300 788 1360 καί
814 1290 899 1381 παρ’
925 1301 1054 1380 ἑτέροις
1084 1294 1160 1359 οἶδα
1184 1295 1345 1372 πολλούς

73 1403 152 1474 τούς
173 1403 234 1479 μέν
263 1401 434 1484 ἡμιθέων,
463 1403 543 1474 τούς
573 1397 608 1461 δέ
637 1403 756 1485 ἡρώων
789 1397 1006 1483 ἀνδριάντας,
1038 1399 1110 1459 οἷον
1130 1391 1342 1477 Ἀχιλλέως,
1366 1411 1387 1461 11

71 1499 303 1586 Σαρπηδόνος,
329 1501 485 1585 Θησέως,
510 1499 566 1563 διά
589 1510 689 1563 τοῦτο
713 1502 861 1586 ἀρχῆθεν
886 1502 943 1562 οὐκ
966 1504 1236 1586 ἐπιγραφέντας·
1274 1494 1344 1583 [καί

71 1605 253 1683 Μέμνονος
275 1605 310 1664 ἐν
333 1601 502 1685 Αίγύπτφ
526 1600 691 1665 κολοσσόν
715 1602 804 1665 εἶναι
827 1597 1000 1686 λέγουσιν].
1046 1595 1121 1664 ἀλλ)
1148 1594 1207 1664 ἐπ’
1236 1605 1343 1665 ἐνίων

76 1708 137 1786 μὲν
160 1711 179 1788 ἡ
204 1702 285 1782 δόξα
309 1710 493 1790 παρέμεινε
513 1708 570 1767 καί
593 1702 774 1790 διεφύλαξε
797 1709 855 1790 τὴν
876 1708 989 1791 φήμην
1013 1708 1032 1766 ό
1050 1708 1187 1789 χρόνος·
1215 1697 1256 1766 ού
1275 1709 1342 1792 μὴν

24 1807 137 1870 93ἐπί
160 1811 297 1870 πάντων
315 1809 501 1893 συνηνέχθη
527 1800 574 1869 δι>
599 1800 778 1892 ἡνδήποτ’
806 1808 862 1869 οὖν
879 1809 1001 1868 αἰτίαν.
1041 1798 1157 1868 οὐκοῦν
1171 1809 1230 1869 καί
1247 1802 1339 1892 παρ’
1359 1825 1387 1874 (33

76 1914 155 1991 ύμῖν
172 1903 230 1972 ούκ
246 1908 411 1972 ἀδύνατον
427 1910 516 1973 εἶναί
530 1932 625 1984 τινας
640 1912 824 1983 τοιούτους.
864 1908 936 1970 οἷον
957 1909 1013 1971 ούν
1029 1911 1121 1970 ἐστιν
1133 1901 1343 1992 Ἡρακλέους
1365 1921 1387 1971 15

75 2015 95 2098 ἢ
122 2010 345 2098 Τληπολέμου
377 2004 455 2097 φέρ’
482 2015 591 2074 είπεῖν
613 2013 632 2096 ἢ
657 2018 723 2073 τῶν
741 2003 855 2073 Ἡλίου
879 2008 1012 2072 παίδων
1035 2013 1126 2084 τινός
1149 2008 1341 2095 ἀνδριάντα

77 2112 210 2176 διδόναι
232 2114 280 2196 τῴ
304 2112 405 2191 δεῖνι,
431 2112 566 2198 χρηστῷ
589 2117 650 2194 μὲν
673 2111 770 2199 ἀνδρί
791 2115 847 2174 καί
868 2121 967 2198 τιμῆς
990 2109 1091 2193 ἀξίῳ·
1122 2115 1251 2188 πάντες
1276 2116 1339 2199 γάρ

75 2217 244 2292 ἔστωσαν,
275 2219 333 2290 οὓς
355 2221 374 2301 ἡ
399 2214 501 2290 πόλις
522 2217 728 2299 θεραπεύει,
757 2222 924 2290 τοιοῦτοι,
953 2217 1010 2276 καὶ
1032 2211 1089 2276 δεῖ
1105 2233 1142 2295 γε
1170 2216 1341 2294 εύχεσθαι

73 2315 204 2391 πάντας
227 2316 316 2378 εἶναι
339 2319 521 2400 χρηστούς,
551 2315 700 2396 μάλιστα
723 2312 797 2398 (de)
819 2319 898 2390 τούς
920 2321 1140 2401 ἡγουμένους·
1171 2310 1248 2378 ἀλλ’
1280 2313 1341 2381 ούκ

72 2421 213 2493 ἐκείνοις
236 2422 366 2498 δμοιοι·
391 2419 522 2493 πόθεν;
546 2411 621 2479 οὐδ’
647 2420 687 2480 ἀν
705 2409 802 2479 αι’τοί
819 2420 965 2502 φὴσαιεν
981 2415 1094 2500 ὀλίγον
1111 2410 1222 2482 αὐτῶν
1239 2418 1339 2484 ἐλάτ-
1361 2433 1387 2482 11

71 2541 150 2595 τους
172 2522 346 2605 ὑπάρχειν,
370 2516 455 2580 ἀλλά
477 2521 537 2581 κάν
562 2520 750 2604 φοβηθεῖεν
774 2522 884 2582 εἰπεῖν
909 2541 943 2582 τι
966 2527 1130 2583 τοιοῦτον.
1172 2514 1229 2605 ἀρ’
1255 2526 1338 2603 ύμῖν

71 2625 107 2685 ἐκ
129 2631 196 2684 τῶν
219 2624 403 2707 εἰρημένων
427 2618 523 2683 δοκεῖ
539 2617 667 2700 μᾶλλον
691 2622 760 2682 ἀπό
784 2623 912 2682 τούτων
936 2623 1156 2705 ἀρχομένους,
1187 2619 1271 2704 λέγω
1299 2623 1337 2686 δὲ

71 2733 139 2787 τῶν
164 2716 223 2786 ούκ
244 2727 388 2803 ἐχόντων
411 2724 471 2797 τάς
494 2725 699 2808 ἐπιγραφάς,
722 2726 760 2785 τό
785 2729 921 2808 πρᾶγμα
945 2726 1005 2786 ἐπί
1027 2727 1159 2800 πάντας
1184 2731 1334 2808 μεταφέ-

73 2829 196 2911 ρειν,ἡ
224 2822 357 2911 σφόδρα
382 2823 469 2887 εἶναι
491 2831 558 2885 τῶν
580 2827 744 2887 τοιούτων
770 2830 944 2911 φειστέον;

30 2928 72 2989 94
155 2929 268 2988 καίτοι
290 2929 328 2987 τό
360 2934 419 3011 της
442 2926 580 3007 ἀγνοίας
606 2929 723 2989 καὶτὸ
750 2937 810 3013 τῆς
840 2929 1062 3013 ἀρχαιότητος
1090 2931 1207 3008 όμοιόν
1238 2929 1335 2990 ἐστιν
1359 2943 1386 2991 25

71 3031 186 3111 ὥσπερ
211 3029 251 3089 ἀν
275 3027 386 3101 εἴτις
416 3024 507 3109 λέγοι
533 3025 618 3113 μηδὲ
648 3031 727 3104 τούς
755 3030 1053 3114 τυμβωρυχοῦντας
1084 3033 1163 3105 τούς
1197 3027 1336 3114 σφόδρα

74 3128 243 3204 παλαιούς
266 3132 397 3214 τάφους
418 3127 523 3214 μηδὲν
546 3132 761 3215 ἁμαρτάνειν,
793 3135 846 3194 ότι
867 3129 986 3216 μηδεὶς
1019 3123 1134 3207 αὐτοῖς
1166 3134 1338 3217 προσήκει

76 3229 161 3316 μηδὲ
186 3230 282 3310 ἴσμεν
306 3233 429 3306 οίτινές
453 3233 549 3294 είσιν.
596 3235 614 3293 ό
635 3235 696 3312 μὲν
720 3234 777 3295 οὖν
800 3232 910 3320 τάφος
934 3227 992 3296 οὐκ
1008 3236 1082 3296 ἐστι
1101 3239 1240 3318 σημεῖον
1258 3236 1337 3317 ἀρε-

74 3343 143 3420 της,
168 3325 244 3394 ἀλλ’
271 3325 444 3418 εὐπορίας,
470 3325 547 3395 ούδέ
571 3335 687 3414 ἔχομεν
711 3337 821 3397 εἰπεῖν
844 3339 923 3412 τούς
946 3340 981 3398 ἐν
1003 3341 1076 3409 τοῖς
1097 3337 1249 3418 μνὴμασι
1264 3357 1336 3398 κει-

70 3441 192 3517 μένους
220 3438 266 3510 ώς
293 3433 379 3520 ἡσαν
410 3436 555 3518 ἀγαθοί,
593 3433 680 3522 πλὴν
710 3439 740 3499 εἰ
768 3440 813 3522 μὴ
843 3457 878 3519 γε
907 3435 1055 3522 δημοσίᾳ
1083 3456 1136 3508 τις
1167 3435 1334 3517 φαίνοιτο
1360 3451 1386 3502 ευ

71 3539 285 3618 τεθαμμένος
308 3532 403 3624 [ὅπερ
428 3537 525 3617 οἶμαι
554 3542 682 3624 τρόπον
711 3541 787 3602 τινὰ
816 3543 949 3612 τούτοις
979 3527 1202 3618 συμβέβηκεν].
1248 3539 1268 3616 ἡ
1295 3535 1335 3600 δέ

71 3642 168 3703 είκύιν
199 3633 246 3703 δι’
278 3638 513 3725 ἀνδραγαθίαν
550 3639 683 3703 δίδοται
710 3645 766 3705 καὶ
789 3639 845 3704 διά
868 3643 906 3702 τό
930 3635 1027 3715 δόξαι
1055 3637 1130 3700 τινά
1160 3633 1334 3721 πρότερον

157 3879 169 3926 1
190 3863 298 3930 άπασιν
316 3871 339 3924 Τ
408 3873 423 3923 3
443 3862 620 3938 παραμένειν
637 3872 686 3927 UB
765 3877 782 3926 4
800 3870 868 3939 τοὺς
891 3867 948 3945 γὰρ
966 3903 998 3910 -
1016 3866 1166 3937 τοιούτους
1184 3870 1278 3940 spuria

72 3949 236 4012 ΘΈλευσῐνι
252 3957 354 4011 mavult
372 3955 434 4010 Wil.
524 3954 686 4010 9f0rtasse:
704 3949 840 4013 κάκεῖνον
857 3959 914 4028 (δὲ)
981 3961 1030 4014 καί
1049 3974 1100 4014 om.
1118 3958 1149 4011 M
1165 3974 1201 4011 m.
1218 3972 1258 4025 pr.

71 4045 194 4097 πολλοῖσ
217 4041 247 4094 Μ
335 4046 364 4097 11
390 4035 525 4111 βησσέωσ
548 4039 571 4092 Τ
657 4044 706 4096 καί
730 4037 890 4110 Μέμνονοσ
907 4073 942 4084 -
959 4039 1092 4114 λέγουσιν
1115 4059 1176 4097 cum
1199 4042 1330 4098 Jacobsio

70 4127 164 4194 spuria
180 4125 270 4180 iudico
358 4130 390 4179 14
408 4116 513 4196 δήποτε
530 4124 587 4180 UM
675 4129 705 4179 15
730 4119 795 4194 ἡμῖν
813 4127 869 4182 UM
956 4132 987 4182 18
1005 4124 1038 4197 δή
1061 4147 1095 4198 γε
1116 4128 1165 4182 UB
1252 4125 1331 4198 εύχε-

71 4215 125 4266 σθε
137 4210 187 4266 UB
275 4213 306 4263 19
325 4209 353 4266 δὲ
370 4209 431 4264 add.
449 4209 552 4264 Reiske
620 4213 652 4262 20
671 4203 778 4280 ὀλίγων
796 4213 819 4265 Β
889 4217 919 4268 21
938 4218 1099 4284 φοβηθεῖεν
1116 4210 1148 4274 Τ,
1167 4215 1331 4284 φοβηθείην

71 4294 154 4348 ceteri
223 4299 255 4348 24
273 4291 327 4351 τὸν
344 4295 513 4351 τοιοῦτσνΒ
584 4297 616 4346 25
634 4285 741 4349 ἀνοίασ
758 4292 814 4349 UM
884 4301 916 4350 28
935 4285 1048 4360 οὗτινος
1066 4295 1129 4349 Wil.
1148 4296 1276 4352 dubitans

70 4381 99 4430 31
123 4369 196 4449 ὅπερ
209 4409 242 4418 -
257 4375 436 4452 συμβέβηκεν
453 4380 546 4449 spuria
615 4382 647 4431 32
664 4382 713 4434 καί
731 4383 772 4436 δεῖ
790 4377 869 4446 δόξαι
888 4380 916 4431 Μ
938 4382 986 4434 καὶ
1004 4374 1035 4450 δὴ
1055 4383 1096 4455 τῷ
1114 4378 1193 4448 δόξαι
1211 4383 1260 4438 UB
1279 4389 1329 4440 καὶ

70 4466 112 4538 τῷ
130 4459 209 4529 δόξαι
228 4463 262 4531 Τ,
280 4479 349 4518 corr.
369 4464 486 4519 Oasaub.
