3068 5160
159 321 220 381 288
536 318 661 376 DIONIS
678 318 729 373 Ab
748 315 1037 373 ALEXANDRINOS

106 500 245 577 71μενοι
267 498 326 580 τήν
350 492 451 558 πόλιν
474 491 684 556 ἀπωλέσατε.
808 495 865 556 καί
887 500 944 554 νῦν
967 493 1074 565 οὑτως
1096 492 1278 564 ἐπιεικεῖς
1303 490 1430 570 ἔχοντες

156 601 322 683 ήγεμόνας
350 599 399 671 είς
428 598 584 678 ὑποψίαν
614 597 735 670 αὐτούς
763 587 846 657 καθ’
883 597 974 674 ὑμῶν
1004 594 1114 655 αὐτῶν
1144 594 1319 676 ἠγάγετε,
1352 592 1431 654 ὥστε

156 696 420 783 ἐπιμελεστέρας
447 707 569 784 χρῆναι
599 695 748 783 φυλακῆς
778 689 942 782 ᾠήθησαν
970 697 990 781 ή
1022 696 1213 778 πρότερον·
1247 695 1313 756 καί
1336 702 1429 756 τούτο

158 800 319 882 εἴργασθε
344 791 393 862 δι’
419 800 614 883 ἀγερωχίαν,
639 800 696 861 οὑκ
725 796 1013 879 ἐπιβουλεύοντες.
1058 798 1156 876 ὑμεῖς
1179 795 1251 880 γάρ
1278 783 1325 858 ἂν
1350 797 1429 859 ἀπο·

159 905 297 986 σταίητέ
318 922 428 977 τινσς;
458 899 688 986 πολεμήσαιτε
713 891 745 963 δ’
771 890 812 962 ἀν
834 902 930 980 ὑμεῖς
956 901 1038 979 μίαν
1060 902 1213 984 ήμέραν,·
1247 899 1316 960 οὐκ
1340 900 1377 961 ἐν
1397 906 1454 985 τήί

158 1009 315 1088 γενομένῃ
339 1011 467 1088 ταραχή
489 1008 587 1087 μέχρι
610 1006 820 1083 σκωμμάτων
843 1003 1074 1085 ἐθρασύνοντο
1099 1001 1134 1062 σί
1156 996 1317 1079 πολλοί,
1349 1003 1431 1076 τινές

160 1103 194 1167 ἀὲ
219 1103 328 1187 ὀλίγοι
349 1103 530 1185 βάλλοντες
553 1108 617 1181 ύ,τι
640 1107 755 1185 ἔτυχον
779 1100 906 1188 άπαξή
927 1100 989 1180 ἀίς,
1014 1104 1130 1186 ὥσπερ
1147 1103 1185 1163 οἱ
1200 1107 1431 1182 καταχέοντες

158 1214 224 1269 τῶν
247 1211 452 1288 παριόντων,
475 1212 664 1270 κατέκειντο
688 1209 793 1282 εύθύς
816 1197 972 1290 ᾄδοντες,
995 1206 1030 1266 οἱ
1052 1193 1083 1266 δ’
1109 1205 1172 1266 ἐπὶ
1195 1206 1287 1280 τούς
1312 1207 1431 1290 ὅρμους

109 1300 262 1392 72ᾐέσαν
279 1311 395 1392 ὥσπερ
412 1311 447 1370 ἐν
463 1313 563 1394 ἑορτή
586 1313 775 1390 πιούμενοι.
814 1310 870 1370 καί
891 1310 956 1393 μήν
971 1309 1078 1369 ἐκεῖνο
1100 1307 1297 1392 μέμνησθε
1321 1309 1364 1371 τύ
1385 1326 1429 1390 γε·

160 1407 252 1472 λοῖον
276 1413 322 1484 ὡς
346 1413 364 1471 ύ
385 1408 563 1491 βέλτιστος
584 1414 662 1491 ὑμῖν
678 1413 797 1473 Κόνων
814 1413 978 1495 ἐχρήσατο
995 1405 1193 1494 προελθών,
1219 1407 1270 1470 οὑ
1282 1407 1462 1490 μάλιστοιι

157 1514 195 1572 τό
220 1508 358 1596 πλῆθος
380 1514 472 1591 ὑμῶν
496 1515 719 1598 συνειστήκει,
741 1515 798 1576 καὶ
821 1509 934 1589 (λείξας
955 1512 1031 1574 τινά
1054 1513 1161 1572 τόπον
1186 1511 1330 1597 βραχύν
1354 1532 1429 1598 προ·

158 1615 314 1697 ηγόρευεν
343 1616 389 1688 ὡς
417 1616 449 1676 εί
470 1616 532 1694 μέν
556 1616 656 1690 αὐτὸς
682 1618 755 1678 ἐκεῖ
773 1611 961 1700 προέλθοι,
990 1613 1169 1698 νενικηκὼς
1193 1612 1251 1699 εἴη
1278 1617 1343 1679 καί
1365 1613 1429 1678 ἀέοι

157 1717 241 1794 ὑμᾶς
264 1713 550 1780 ἀπαλλάττεσθαι
576 1709 661 1779 καθ’
694 1719 815 1792 αὑτούς
842 1718 899 1779 καί
927 1719 1160 1800 παραχωρεῖν·
1199 1720 1232 1778 εί
1264 1707 1302 1779 δ’
1329 1719 1426 1798 ὑμεῖς,

159 1819 244 1903 ἔφη,
267 1823 410 1903 τέτταρα
433 1821 453 1905 ἡ
478 1825 579 1882 πέντε
600 1821 734 1905 βήματα
757 1827 886 1896 νικᾶτε,
913 1819 1002 1900 κάγὼ
1026 1813 1233 1899 βαδιοῦμαι·
1260 1826 1376 1882 ταῦτα
1397 1815 1425 1881 <b

159 1917 265 2002 ἐλεγε,
295 1918 496 2006 φειδόμενος
518 1925 611 2003 ὑμῶν
633 1924 689 1985 καὶ
709 1919 900 2004 καταγελῶν
923 1922 979 1983 καί
1000 1920 1160 1999 καθάπερ
1186 1922 1304 1985 παισί
1327 1928 1457 2007 προσ-ί

159 2017 300 2098 παίζων.
345 2026 423 2086 ἐπεὶ
444 2026 482 2086 τό
507 2029 696 2109 στράτευμα
726 2025 920 2109 ἐφειστήκει
947 2023 1098 2096 κάκεῖνος
1128 2017 1255 2084 ούάένα
1281 2022 1342 2086 εἴα
1365 2025 1460 2087 (ὑπ-σύ

158 2126 294 2202 τεσθυι,
317 2129 462 2207 γυμνούς
485 2129 639 2201 ἅπαντας
663 2129 749 2210 ὀρῶν
771 2127 827 2187 καί
842 2126 999 2203 ἑτοίμους
1015 2120 1251 2186 ἀπόλλυσθαι.
1295 2127 1336 2189 τί
1357 2125 1424 2200 οὑκ·

158 2227 341 2306 ἐβιάσαντο
370 2230 455 2307 μετά
483 2238 588 2291 ταῦτα
618 2231 651 2290 οἱ
681 2232 867 2312 προπετεῖς
896 2229 953 2290 καί
975 2221 1158 2287 ἀκόλαστοι
1179 2227 1240 2289 καί
1264 2224 1424 2315 ἐπίτηδες

159 2329 351 2411 ἀνατρέψαι
380 2332 437 2392 καί
466 2336 601 2412 συγχέαι
627 2333 739 2392 πάντα
762 2326 1081 2410 ἐπιβουλεύσαντες,
1109 2328 1166 2390 καὶ
1189 2329 1230 2389 ού
1255 2332 1423 2415 πρότερον

158 2432 243 2509 ὑμᾶς
272 2432 395 2516 ἀνῆκαν
423 2435 486 2505 έως
514 2433 705 2512 ἐγεύσασθε
732 2428 883 2511 πολέμου
911 2432 968 2493 καί
996 2433 1034 2492 τύ
1063 2426 1172 2492 ὑεινόν
1195 2431 1282 2515 ἄχρι
1305 2433 1456 2517 πείραςσ

109 2541 148 2603 73
161 2529 346 2618 προῆλθεν.
477 2535 512 2596 τί
540 2530 578 2619 cb)
608 2535 664 2596 καί
693 2536 820 2595 τούτων
849 2533 1090 2618 ἐπεμνήσθην,·
1117 2533 1215 2606 ὅπως
1245 2529 1365 2620 είάήτε
1385 2533 1422 2595 τά

161 2638 312 2720 φυόμενα
336 2639 372 2698 ἐκ
394 2644 453 2722 τής
476 2637 556 2718 περί
577 2638 636 2698 τόν
658 2637 734 2717 βίον
756 2637 880 2719 ταύτης
904 2631 1054 2711 ἀταξίας.
1094 2634 1131 2696 ού
1154 2633 1220 2718 γάρ
1244 2634 1327 2699 ἐστι
1346 2636 1422 2709 τούς

160 2740 267 2813 οὑτως
290 2741 519 2824 ἐπτοημένους
542 2740 621 2822 περί
643 2739 684 2799 τὰ
706 2739 808 2822 μικρά
830 2739 887 2800 καί
908 2734 1052 2822 μηδενός
1074 2733 1169 2813 ἀξια,
1202 2733 1345 2821 φαύλως
1363 2738 1418 2799 καί

159 2842 312 2925 ἀκρατῶς
335 2842 472 2919 ἔχοντας
494 2842 529 2902 ἐν
552 2843 686 2914 τούτοις
710 2842 938 2925 ἀπράττσυσι
959 2828 1042 2900 καθ’
1068 2842 1206 2922 ήμέραν,
1230 2836 1342 2903 τᾶλλα
1356 2854 1420 2903 σω·

160 2947 298 3027 φρονεῖν
326 2943 383 3003 καὶ
411 2943 492 3024 περί
518 2948 585 3002 τῶν
614 2936 777 3020 μειζόνων
801 2943 917 3027 ὀρθῶς
939 2938 1177 3022 βουλεύεσθαι.
1223 2944 1243 3025 ή
1267 2942 1336 3028 γὰρ
1357 2947 1460 3004 τύνύ

158 3046 296 3127 τρόπων
324 3045 494 3128 κουφότης
523 3045 639 3106 καὶτὸ
663 3040 842 3125 ἀλόγιστον
866 3045 924 3106 οὑκ
946 3041 986 3126 ἐᾷ
1008 3047 1121 3123 μένειν
1143 3042 1204 3104 ἐπὶ
1226 3046 1306 3118 τοῖς
1328 3040 1421 3107 ἐλάτ·

159 3161 255 3206 τυσιν
279 3136 354 3206 οὐδ’
381 3146 448 3223 ἔχει
470 3149 593 3229 μέτρον
617 3143 713 3208 ούάἐν
728 3151 748 3228 ή
765 3149 864 3208 ἀνοια
887 3153 954 3208 τῶν
970 3126 1233 3229 ἁμαρτημάτων,
1257 3134 1340 3207 ἀλλ’
1365 3147 1422 3211 ἐπὶ

160 3253 227 3309 πάν
250 3249 378 3327 ομοίως
401 3251 541 3331 πρόεισι
562 3249 619 3310 καί
641 3250 771 3321 παντὸς
794 3250 940 3310 άπτεται
961 3247 1046 3328 μετὰ
1069 3254 1128 3330 τῆς
1145 3243 1222 3329 ἴσης
1239 3246 1419 3334 εὐχερείας.

109 3358 149 3418 74
160 3351 204 3434 μή
230 3349 287 3411 σύν
311 3348 430 3411 οἴεσθε
453 3352 532 3434 περὶ
553 3357 680 3435 μικρῶν
704 3349 792 3412 εἶναι
814 3351 871 3410 τόν
896 3345 1003 3431 λόγον,
1027 3351 1107 3411 ὅταν
1129 3368 1182 3422 τις
1203 3349 1286 3428 ὑμῖν
1311 3346 1421 3413 διαλί-

158 3472 258 3536 γηται
280 3453 360 3536 περὶ
382 3459 449 3513 τῶν
472 3454 507 3514 ἐν
530 3456 604 3525 τοῖς
619 3453 783 3536 θεάτροις
798 3452 968 3535 θορύβων.
1008 3452 1123 3536 οὑγάρ
1148 3453 1257 3526 οὑτως
1279 3456 1302 3538 ή
1321 3454 1458 3517 nartali
1526 3519 1529 3533 ,

158 3555 239 3632 ταχύ
263 3558 394 3639 πέφυκε
418 3555 614 3634 συμβαίνειν
638 3550 695 3615 ἀιά
717 3554 778 3628 τάς
800 3543 875 3614 κατ’
902 3550 1014 3635 ὀλίγον
1038 3549 1173 3638 ζημίας,
1204 3555 1253 3628 ὡς
1274 3558 1296 3640 ή
1321 3556 1419 3618 κακία
1524 3536 1529 3567 ⁴

159 3658 317 3740 πρόεισιν
339 3658 375 3717 ἐκ
397 3663 464 3718 τῶν
486 3656 571 3716 κατά
593 3659 696 3740 μέρος
718 3657 846 3717 τούτων
873 3656 1123 3739 ἁμαρτημάτων
1144 3656 1202 3718 καί
1222 3652 1419 3721 τελευταῖον

158 3749 217 3819 ἐπ’
243 3759 324 3819 αὑτό
347 3760 386 3819 τό
410 3761 518 3841 πέρας
539 3758 596 3819 καί
617 3760 676 3819 τόν
699 3754 843 3840 όλεθρον
867 3753 1056 3841 αὐξηθεῖσα
1079 3759 1208 3842 ήγαγεν.

1502 1675 1527 1726 (38

242 3977 258 4026 3
276 3969 494 4046 ἐπιεικεστέρασ
516 3972 591 4040 libri,
616 3985 686 4027 corr.
705 3971 821 4026 (λευκαί).
920 3976 936 4024 4
954 3971 1106 4045 είργᾶσθαι
1124 3973 1154 4028 M
1257 3978 1273 4027 5
1291 3968 1419 4047 πολεμή-

156 4077 221 4116 σετε
242 4057 318 4124 libri,
343 4073 412 4113 corr.
431 4058 531 4114 Μαλοίτα
636 4060 651 4111 8
669 4052 740 4113 τοὺσ
759 4045 868 4129 ὅρκουσ
886 4058 917 4113 Μ
1018 4064 1033 4114 9
1051 4054 1222 4127 ποιούμενοι
1240 4056 1322 4125 libri,
1347 4073 1416 4116 corr.

156 4144 271 4201 casaub.
381 4146 413 4198 12
437 4140 504 4201 δέον
525 4142 599 4209 libri,
630 4157 701 4198 corr.
722 4142 828 4198 Sallen.
946 4148 976 4200 16
1000 4144 1047 4202 ἐπὶ
1069 4139 1103 4202 τὸ
1133 4143 1211 4210 libri,
1240 4157 1313 4200 corr.
1338 4144 1419 4201 Vale·

155 4231 211 4286 sius
280 4226 425 4304 ἐφεστήκει
443 4229 472 4284 Μ
560 4220 641 4286 οὐδὲν
660 4221 705 4286 ἀεί
723 4218 867 4286 άπτεσθαι
886 4229 916 4282 Μ
1005 4234 1035 4284 19
1054 4220 1237 4298 ἀναστρέψαι
1255 4226 1329 4295 libri,
1349 4243 1418 4286 εστι.

155 4315 256 4370 Reiske
359 4319 392 4370 20
409 4309 554 4386 γεύσασθε
571 4313 602 4368 Μ
705 4317 737 4368 21
757 4316 888 4384 προῆλθε
906 4313 953 4367 ΒΤ
1041 4317 1073 4368 23
1092 4307 1238 4384 σμικράΒ
1330 4308 1419 4373 24τά

155 4395 227 4456 ἀλλα
246 4400 275 4452 Μ
398 4404 430 4455 26
448 4395 549 4458 τόπων
567 4398 597 4452 Μ
719 4402 751 4452 29
777 4402 905 4469 σμικρῶν
922 4400 945 4452 Β
1068 4401 1100 4452 32
1123 4393 1276 4470 πρόσεισιν
1293 4396 1353 4453 ΒΜ

155 4487 187 4538 33
204 4480 294 4556 ἤγαγε
311 4485 360 4540 ΒΤ
