3068 5160
249 328 310 388 124
724 327 847 384 DIONIS
866 328 1031 384 TROIANA

198 503 236 566 33
248 500 541 584 ἀπολειπομένων.
599 505 721 588 ἀνάγκη
753 503 810 565 ούν
848 506 883 565 έκ
912 507 1040 567 τούτων
1070 501 1246 587 ὁμολογεῖν
1275 490 1296 588 ἢ
1324 504 1497 586 ἀγνώμονα

241 598 388 691 Ὅμηρον
414 608 471 668 καί
494 603 622 691 φαῦλον
644 607 759 691 κριτήν
782 612 848 668 τῶν
872 608 1089 690 πραγμάτων,
1120 607 1206 668 ὥστε
1228 606 1270 666 τά
1294 602 1426 667 ἐλάττω
1448 608 1497 670 καί

248 711 471 791 ταπεινότερα
503 708 696 790 αἱρεῖσθαι,
732 704 964 770 καταλιπόντα
994 705 1111 783 ἀλλοις
1139 708 1180 769 τά
1209 709 1355 790 μέγιστά
1385 729 1422 769 τε
1448 711 1497 771 καί

249 807 515 886 σπουδαιότατα,
538 810 557 893 ή
580 811 625 895 μή
651 806 823 872 δύνασθαι
838 811 949 887 αὐτόν,
973 813 1057 895 ὅπερ
1074 808 1183 886 εἶπον,
1207 803 1447 894 ἰσχυρίζεσθαι
1461 811 1496 871 τά

249 908 367 993 ψευδῆ,
385 902 467 995 μηδ’
485 912 521 972 έν
536 913 670 985 τούτοις
685 908 915 974 ἐπιδεικνύναι
930 915 989 998 τήν
1006 914 1147 997 ποίησιν
1163 912 1184 971 ἀ
1199 907 1360 990 ἐβούλετο
1376 913 1497 996 κρύψαι
1511 922 1521 971 ί

198 1014 237 1075 34
248 1015 343 1087 ὅπως
365 1017 506 1094 γέγονεν.
542 1013 649 1088 ούτως
670 1013 732 1098 γάρ
754 1014 811 1076 καί
825 1016 860 1076 έν
872 1006 1052 1096 Ὀδυσσείᾳ
1068 1015 1108 1075 τά
1123 1015 1184 1093 μὲν
1200 1013 1281 1098 περί
1295 1015 1357 1098 τήν
1370 1004 1496 1098 Ἰθάκην

248 1115 304 1176 καί
327 1115 384 1175 τόν
407 1114 560 1176 θάνατον
583 1122 650 1176 τῶν
671 1118 871 1201 μνηστήρων
895 1117 995 1190 αύτδς
1018 1111 1121 1198 λέγει,
1145 1116 1186 1176 τὰ
1210 1110 1246 1176 δὲ
1267 1119 1415 1197 μέγιστα
1437 1124 1496 1178 τῶν

249 1217 456 1296 ψευσμάτων
489 1218 547 1296 ούχ
576 1218 754 1297 ὑπέμεινεν
784 1219 910 1295 εἰπεῖν,
940 1219 981 1279 τά
1012 1219 1091 1302 περί
1113 1220 1173 1303 τήν
1194 1214 1346 1280 Σκύλλαν
1368 1220 1425 1281 καί
1446 1221 1496 1280 τόν

249 1313 422 1378 Κύκλωπα
444 1320 500 1379 καί
522 1319 563 1379 τά
588 1321 748 1404 φάρμακα
771 1328 830 1405 τῆς
847 1321 983 1405 Κίρκης,
1007 1318 1117 1382 ἔτιδὲ
1140 1323 1199 1406 τήν
1222 1321 1272 1394 εϊς
1295 1313 1382 1402 ᾅδου
1404 1323 1496 1382 κατά·

246 1420 347 1500 βάσιν
369 1427 431 1480 τού
441 1410 640 1497 Ὀδυσσέως,
663 1418 748 1482 ἀλλὰ
772 1424 830 1483 τόν
842 1413 1005 1483 Ὀδυσσέα
1028 1423 1171 1506 ἐποίησε
1195 1418 1417 1506 διηγούμενον
1432 1427 1531 1496 τοῑςλλ

248 1523 327 1605 περί
349 1514 607 1585 τδνἈλκίνοον·
631 1525 704 1586 έκεϊ
722 1521 758 1585 δέ
780 1526 837 1585 καί
858 1524 900 1585 τά
924 1524 1003 1607 περί
1025 1525 1083 1585 τόν
1103 1524 1212 1586 ίππον
1226 1525 1284 1586 καί
1298 1525 1360 1609 τήν
1377 1519 1496 1584 ἅλωσιν

247 1631 306 1709 τῆς
332 1626 458 1709 Τροίας
482 1621 650 1701 διεξιόντα
673 1628 731 1687 τόν
753 1623 953 1710 Δημόδοκον
975 1627 1011 1687 έν
1035 1617 1105 1711 ᾠδή
1129 1618 1177 1688 δι’
1203 1623 1326 1708 όλίγων
1350 1627 1453 1687 ἐπῶν.

196 1727 236 1789 35
248 1723 345 1788 δοκεῖ
363 1722 400 1787 δέ
421 1746 483 1806 μοι
503 1723 588 1811 μηδὲ
613 1728 818 1812 προθέσθαι
840 1735 944 1789 ταύτα
968 1730 1027 1813 τήν
1051 1729 1162 1813 ἀρχήν,
1186 1729 1244 1790 άτε
1269 1729 1307 1790 ού
1330 1729 1494 1810 γενόμενα,

247 1829 436 1913 προϊούσης
468 1824 503 1889 δὲ
531 1837 591 1915 τῆς
614 1831 800 1915 ποιήσεως,
829 1831 907 1891 έπεί
929 1831 1018 1914 έώρα
1041 1831 1119 1904 τούς
1142 1829 1354 1914 ἀνθρώπους
1376 1827 1496 1916 ρ’ρδίως

247 1931 359 1991 πάντα
389 1930 636 2010 πειθομένους,
673 1934 934 2017 καταφρονήσας
964 1931 1073 1993 αύτῶν
1101 1932 1158 1993 καί
1186 1933 1255 2012 ἀμα
1282 1928 1527 2018 χαριζόμενος·

247 2037 319 2106 τοῖς
341 2024 478 2116 Ἕλλησι
506 2033 562 2094 καί
591 2037 663 2107 τοῖς
683 2024 872 2117 Ἀτρείδαις
901 2036 1012 2096 πάντα
1043 2037 1178 2116 συγχέαι
1205 2035 1262 2096 καί
1289 2044 1496 2121 μεταστῆσαι

246 2135 287 2196 τά
312 2136 493 2218 πράγματα
518 2136 567 2208 είς
590 2135 793 2197 τούναντίον.
840 2131 928 2218 λέγει
951 2134 987 2200 δὲ
1011 2137 1204 2221 ἀρχόμενος,

449 2245 548 2322 μήνιν
571 2234 674 2314 ἀειδε,
696 2237 775 2314 θεά,
798 2234 1002 2322 Πηληιάδεω
1024 2231 1178 2324 Ἀχιλῆος

451 2335 642 2422 οὐλομένην,
665 2339 684 2423 ή
707 2331 802 2423 μυρί’
824 2329 975 2418 Ἀχαιοῖς
996 2332 1090 2422 ἄλγε’
1116 2340 1230 2426 έθηκε,

449 2437 580 2514 πολλάς
603 2432 636 2502 δ’
663 2440 833 2525 ἰφθίμους
856 2443 967 2522 ψυχάς
990 2438 1064 2504 ἄϊδι
1087 2443 1262 2526 προΐαψεν

449 2545 583 2628 ήρώων·
608 2543 729 2616 αύτούς
752 2539 787 2604 δέ
811 2539 935 2622 ἑλώρια
958 2552 1051 2624 τεῦχε
1072 2546 1227 2606 κύνεσσιν

446 2646 602 2706 οἰωνοῖσί
623 2664 658 2706 τε
683 2651 786 2705 πάσι·
809 2646 895 2720 Διὸς
918 2634 950 2707 δ’
977 2643 1140 2709 ἐτελείετο
1162 2643 1277 2732 βουλή.

195 2747 235 2810 36
245 2747 395 2808 ένταῦθά
421 2762 508 2832 φησι
530 2749 610 2832 περὶ
631 2749 736 2831 μόνης
758 2749 846 2834 έρεῖν
869 2755 928 2832 τῆς
946 2755 1007 2809 τοῦ
1017 2740 1195 2828 Ἀχιλλέως
1210 2745 1356 2834 μήνιδος
1369 2750 1426 2812 καί
1440 2747 1493 2821 τὰς

247 2849 424 2933 συμφοράς
439 2850 495 2911 καὶ
510 2850 568 2911 τόν
584 2845 728 2934 ὄλεθρον
744 2856 810 2911 τῶν
822 2841 976 2928 Ἀχαιῶν,
992 2853 1045 2913 ότι
1061 2848 1171 2912 πολλά
1186 2853 1243 2914 καί
1254 2847 1351 2914 δεινὰ
1363 2851 1493 2913 ἔπαθον

330 3101 342 3150 1
362 3099 426 3164 post
444 3090 684 3167 ἀπολειπομένων
694 3097 757 3152 libri
769 3098 885 3154 addunt:
904 3094 963 3158 έστι
983 3101 1012 3159 δέ
1030 3103 1150 3158 τοιαῦτα
1163 3093 1199 3158 τύι
1211 3095 1359 3172 λεγόμενα
1371 3095 1428 3158 ὑπὸ
1446 3103 1493 3158 τού

244 3176 388 3254 Πριάμου·
406 3181 495 3247 (Hom.
513 3183 545 3237 11.
563 3183 590 3237 X
607 3186 697 3251 θύος.)

481 3260 517 3328 δν
534 3269 573 3343 ῥα
590 3263 686 3341 πατὴρ
707 3269 846 3340 Κρονίδης
857 3264 906 3324 ἐπί
922 3265 1030 3342 γήραος
1048 3263 1124 3346 ούδηϊ
1483 3281 1492 3323 1

481 3351 548 3425 αἴσῃ
565 3353 598 3411 έν
615 3349 741 3427 ἀργαλέῃ
759 3354 858 3423 φθίσει
875 3349 950 3412 κακὰ
969 3347 1057 3411 πόλλ’
1074 3349 1221 3421 ἐπιδόντα,

480 3434 542 3506 υἷάς
560 3433 590 3498 τ’
610 3433 784 3508 ύλλυμένονσ
801 3435 987 3505 έλκυσθείσας
1005 3459 1036 3497 τε
1053 3431 1201 3512 θύγατρας

478 3525 528 3578 καί
542 3519 692 3592 θαλάμους
708 3523 932 3596 κεραϊζομένους
948 3527 998 3581 καί
1015 3519 1101 3595 νήπια
1118 3523 1204 3581 τέκνα
1412 3541 1495 3594 (1601)

476 3604 643 3680 βαλλόμενα
661 3613 728 3666 ποτί
746 3610 814 3681 γαίη
831 3606 863 3665 έν
881 3608 949 3681 αἰνῇ
965 3611 1102 3682 δηιοτῆτι,
1422 3647 1426 3654 -
1480 3623 1491 3662 ι

480 3689 635 3762 ἑλκομένας
652 3714 684 3750 τε
702 3689 785 3759 νυοὺς
804 3687 891 3764 ὀλοῇς
906 3690 964 3752 ὑπὸ
981 3697 1081 3767 χερσίν
1099 3695 1226 3764 Ἀχαιῶν·

480 3770 570 3834 αύτδν
588 3772 615 3833 ά)
633 3773 670 3836 ἀν
687 3771 821 3847 πύματόν
837 3797 873 3845 με
890 3775 973 3845 κύνες
990 3775 1120 3853 πρώτῃσι
1138 3773 1260 3852 θύρῃσιν

480 3857 608 3934 ώμησταί
625 3859 768 3936 ἐρύουσιν,
786 3861 851 3920 έπεί
867 3863 900 3920 κέ
919 3883 960 3928 τις
978 3858 1038 3929 ύξέϊ
1051 3866 1152 3937 χαλκῷ

478 3944 571 4021 τύψας
587 3941 620 4021 ἠὲ
635 3943 735 4021 βαλών
753 3947 866 4021 ῥεθέων
883 3945 916 4004 ἐκ
934 3943 1030 4016 θυμὸν
1047 3944 1150 4020 έληται.

328 4036 390 4084 ln
407 4049 454 4099 pro
472 4034 507 4103 ῥα
526 4034 595 4086 UBV
650 4033 773 4103 ϊφθίση
790 4034 860 4086 UBV
919 4037 1001 4086 3οω.
1020 4034 1090 4086 UBV
1145 4036 1243 4086 5ποτί
1261 4034 1308 4086 UV
1322 4039 1405 4102 προτὶ
1417 4035 1461 4086 ΒΤ

242 4112 302 4169 ’ίδ’
322 4113 529 4185 ἅμπύματονθ
615 4119 784 4187 προτηισιΚ
854 4115 958 4185 Θέπὴν
975 4124 1023 4170 καί
1039 4134 1085 4171 τισ
1102 4108 1163 4178 ύξέι·
1178 4113 1295 4188 δονρϊθ

330 4325 339 4372 l
361 4310 511 4390 οἷγνόμονα
529 4319 554 4374 V
606 4325 620 4374 3
640 4340 671 4406 τε
690 4336 742 4375 om.
761 4320 787 4376 V
839 4324 854 4374 5
871 4311 940 4391 μηδ’
957 4316 988 4375 έν
1006 4318 1151 4389 Emporias
1169 4319 1266 4385 dubit„
1284 4317 1317 4377 έν
1334 4321 1366 4378 δὲ
1382 4319 1445 4376 libri

241 4394 426 4559 ή3οήηηὶνγήρ
438 4405 485 4457 ΒΤ
539 4410 570 4459 12
589 4402 620 4462 έν
639 4401 754 4477 ώιόήΠ
809 4409 839 4460 13
857 4399 994 4477 γινόμενα
1005 4404 1055 4460 UB
1117 4409 1147 4458 21
1167 4398 1196 4460 δ’
1208 4403 1256 4458 ΒΤ
1310 4401 1462 4464 κύνεσινί
