3068 5160
200 369 262 429 294
579 367 704 424 DIONIS
721 367 772 421 AD
791 366 1081 423 ALEXANDRINOS

199 537 371 607 τῶνκαθ’
397 548 455 607 ένα
479 545 564 606 είσλν
588 544 626 604 ού
648 541 794 628 μεγάλης
818 539 894 604 οὐδὲ
919 543 1068 626 φοβεροῖς
1091 543 1342 627 προσηγορίας
1359 541 1470 625 τυγχά-

199 661 330 709 νουσιν·
354 650 434 709 όταν
458 643 493 708 δὲ
516 647 628 707 κοινόν
650 650 787 731 γένηται
808 648 847 706 τό
872 651 1024 729 πρᾶγμα,
1050 640 1129 705 τότε
1153 639 1280 723 λοιμός
1304 640 1469 706 καλεῖται.

200 746 352 811 καθόλου
375 749 437 833 γὰρ
461 746 573 810 πάντα
597 748 821 831 ἁμαρτήματα
844 747 938 831 εύροι
960 766 1012 819 τις
1032 747 1072 806 ἂν
1088 752 1281 825 πανταχοῦ,
1306 747 1372 808 καλ
1388 745 1469 810 οίνό-

203 847 324 934 φλυγες
351 852 408 913 καί
436 847 560 934 πόρνοι
581 851 638 912 καί
659 853 874 931 γυναιμανεῖς
897 851 931 910 έν
955 844 1086 922 πάσαις
1108 848 1176 911 εἰσί
1198 853 1282 923 ταῖς
1309 844 1468 912 πόλεσιν·

202 943 278 1013 ἀλλ’
304 949 400 1014 ούδὲν
422 959 521 1014 τούτο
541 948 692 1031 χαλεπόν
716 947 791 1012 ούδὲ
815 946 1042 1034 ὑπερβάλλον·
1065 952 1146 1011 όταν
1169 946 1207 1012 δὲ
1233 952 1420 1036 ἐπικρατῇ
1439 955 1491 1014 τόν

201 1051 321 1128 πάθος
342 1056 398 1117 καί
419 1051 588 1138 βλέπηται
609 1047 733 1129 κοινόν,
756 1049 834 1114 τότε
857 1053 1026 1137 ἐπίσημον
1047 1052 1104 1114 καλ
1125 1055 1212 1134 μέγα
1235 1053 1300 1116 καί
1324 1050 1468 1138 δημοσίᾳ

151 1156 358 1237 92γίγνεται.
404 1157 489 1217 ποία
517 1155 580 1238 γὰρ
610 1151 713 1229 πόλις
741 1156 815 1217 ἐστὶ
841 1161 908 1217 τῶν
930 1156 975 1239 μη
1007 1149 1142 1238 σφόδρα
1170 1153 1317 1238 ἐρήμων
1341 1158 1404 1219 καί
1423 1178 1469 1236 μι-

201 1264 298 1340 κρῶν,
322 1259 357 1318 ἐν
378 1248 401 1341 ᾗ
423 1260 467 1343 μὴ
491 1249 576 1318 καθ’
600 1261 726 1342 ἡμέραν
749 1277 801 1332 τις
824 1260 983 1341 πυρέττει
1006 1257 1159 1330 πάντως·
1186 1252 1278 1317 ἀλλὰ
1298 1259 1470 1335 Καυνίους

200 1357 305 1439 μόνον
329 1356 521 1443 παρείληφε
536 1353 707 1441 [κάκείνων
730 1353 814 1439 ἐστὶ]
839 1360 877 1420 τό
901 1355 1040 1434 όνειδος,
1063 1359 1116 1420 ότι
1139 1354 1272 1434 πάντες
1299 1361 1390 1423 αὐτό
1412 1360 1469 1423 πά·

203 1474 356 1538 σχουσιν·
388 1461 503 1545 ὥσπερ
525 1462 582 1523 καὶ
604 1463 674 1522 ἀπό
697 1464 763 1521 τῶν
786 1453 969 1537 βελτιόνων
991 1461 1080 1535 τινὲς
1103 1458 1403 1547 ἐθαυμάσθησαν
1423 1466 1499 1526 καλό

202 1557 305 1637 δόξαν
328 1561 435 1639 ἔσχον.
480 1560 611 1637 πόσους
633 1563 695 1644 γὰρ
720 1560 839 1623 οἴεσθε
858 1549 1052 1646 Ἀθηναίων
1067 1562 1086 1646 ἢ
1099 1562 1296 1646 Μεγαρέων
1313 1565 1337 1649 ἢ
1352 1566 1469 1651 Κοριν·

201 1662 292 1724 θίων
320 1663 362 1723 τά
393 1666 532 1743 σώματα
562 1665 676 1726 ἀσκεῖν
705 1658 839 1749 καὶζῆν
863 1660 1063 1747 φιλοπόνως
1085 1657 1250 1745 [πολλούς
1275 1663 1390 1752 δῆλον
1411 1662 1468 1752 ότι]

201 1765 258 1826 καλ
288 1757 394 1827 ταῦθ’
425 1757 476 1828 ὅτ’
513 1767 693 1848 ἀναγκαῖον
721 1762 761 1850 ἦν
791 1766 906 1840 αὐτοῖς
938 1763 1063 1849 ἄνδρας
1092 1767 1250 1848 ἀγαθούς
1279 1769 1379 1856 ὑπὲρ
1408 1777 1467 1834 τῶν

152 1868 192 1932 93
203 1864 378 1951 πατρίδων
406 1869 603 1949 γίγνεσθαι;
632 1870 667 1930 τί
689 1869 746 1930 σύν
768 1864 869 1947 μόνοι
883 1865 1157 1948 Λακεδαιμόνιοι
1178 1860 1277 1931 τοῦτ’
1308 1872 1414 1953 ἔσχον
1433 1874 1465 1936 τό

202 1972 307 2050 όνομα
329 1971 386 2033 καί
407 1978 466 2054 τῆς
489 1967 590 2055 δόξης
612 1967 845 2032 ἀπολαύουσιν
860 1970 912 2031 ἔτι
926 1971 982 2031 καὶ
997 1977 1073 2045 νύν,·
1095 1973 1148 2032 ότι
1165 1978 1267 2056 κοινῇ
1282 1973 1466 2059 ἐκτήσαντο
1481 1981 1497 2032 li

201 2074 260 2157 τὴν
285 2069 492 2157 φιλοτιμίαν.
537 2075 617 2147 τούς
640 2070 675 2134 δὲ
695 2064 900 2157 Ἀθηναίους
922 2071 964 2132 τοὶ
987 2073 1067 2156 περὶ
1088 2074 1167 2147 τούς
1190 2069 1323 2156 λόγους
1347 2073 1463 2157 μᾶλλον

201 2169 464 2256 ἐπιτηδεύοντας
485 2174 542 2236 καί
564 2176 705 2259 ποίησιν
727 2176 783 2237 καί
801 2175 925 2257 χορούς
946 2174 1006 2236 ἐπί
1026 2176 1161 2248 τούτοις
1177 2175 1309 2252 αὐτούς
1326 2180 1463 2264 ἐποίησε

200 2269 446 2352 θαυμάζεσθαι
477 2271 533 2336 διό
563 2278 622 2361 την
652 2277 753 2361 αὐτην
783 2277 905 2336 αἰτίαν.
953 2281 1111 2338 σκοπεῖτε
1141 2273 1177 2338 δέ
1205 2280 1254 2364 μη
1285 2281 1394 2361 ὑμεῖς
1415 2281 1463 2360 οόχ
1514 2278 1519 2307 ¹

202 2375 323 2453 ὁμοίας
359 2372 570 2459 μεταλάβητε
608 2374 707 2461 δόξης
743 2383 816 2450 τοῖς
841 2369 1041 2462 Ἀθηναίοις
1073 2379 1130 2440 καλ
1154 2377 1462 2463 Λακεδαιμονίοις,
1515 2366 1519 2405 ³

202 2471 287 2536 ἀλλὰ
309 2472 434 2554 μᾶλλον
457 2480 586 2560 ἑτέροις
608 2480 714 2540 τισίν
739 2479 776 2538 ού
799 2475 967 2558 βούλομαι
988 2480 1050 2563 γὰρ
1075 2481 1256 2560 ὀνομάσαι.
1297 2486 1391 2570 ὅπερ
1408 2485 1494 2568 γύρλ

201 2574 263 2662 ἤδη
294 2575 458 2653 πολλάκις
487 2576 601 2656 εἷπον,
633 2602 653 2641 α
656 2581 726 2658 ίίσχ
728 2600 753 2640 ω
777 2580 818 2640 τοὶ
843 2601 863 2640 α
866 2581 964 2664 ίσχρό
986 2583 1042 2644 καί
1063 2579 1303 2662 καταγέλαστα
1327 2584 1462 2666 μάλλον,

152 2681 193 2745 94
203 2682 282 2742 όταν
303 2703 323 2764 η
349 2681 429 2764 περί
450 2681 511 2755 τοὶς
534 2628 661 2755 πόλεις
701 2682 816 2763 ὥσπερ
840 2683 874 2742 ἐν
890 2687 966 2757 ταῖς
980 2681 1176 2766 κωμῳδίαις
1190 2687 1250 2748 καλ
1267 2683 1462 2762 διασκευαῖς

202 2783 363 2867 Καρίωνα
394 2783 454 2862 μέν
486 2783 677 2864 εἰσάγοντες
705 2783 879 2862 μεθύοντα
908 2787 964 2846 καὶ
986 2787 1078 2848 Δᾶον
1105 2787 1143 2847 ού
1168 2784 1311 2873 σφόδρα
1331 2796 1461 2852 κινούσι

201 2882 347 2965 γέλωτα,
381 2886 439 2946 τόν
464 2881 499 2945 δὲ
524 2875 691 2968 Ἡρακλέα
720 2893 875 2946 τοιοῦτον
906 2887 1012 2968 ὁρῶσι
1039 2885 1170 2969 γελοῖον
1201 2885 1317 2963 δοκεῖ,
1354 2910 1461 2976 παρα·

204 2989 399 3070 φερόμενον,
428 2987 484 3048 καί
501 2986 661 3070 καθάπερ
678 2987 857 3064 εἰώθασιν,
880 2989 915 3048 έν
936 2987 1103 3071 κροκωτῷ,
1128 2989 1392 3078 παραπλησίως
1411 2995 1492 3056 καλό

203 3083 308 3171 δῆμος
338 3088 444 3160 οὕτως
471 3091 575 3168 μέγας
603 3089 734 3172 μινυρί
706 3083 784 3151 ίζων
808 3085 864 3150 διό
886 3089 962 3170 βίου
984 3090 1042 3151 καί
1029 3086 1167 3152 ίπόλιν
1189 3095 1344 3176 ἡνιοχῶν
1363 3097 1459 3181 χωρίς

202 3189 320 3249 ἵππων
344 3210 363 3248 α
367 3189 481 3272 ίσχρόν
503 3190 652 3271 γίγνεται
672 3192 729 3253 καὶ
749 3188 1007 3273 καταγέλαστον.
1054 3192 1134 3253 αύτό
1156 3193 1219 3276 γὰρ
1243 3204 1353 3260 τούτο
1369 3200 1458 3284 Εόρι-

201 3286 305 3374 πίδης
327 3291 385 3351 τόν
404 3281 571 3375 Ἡρακλέα
597 3295 683 3377 φησί
705 3294 835 3355 παθεῖν
857 3295 1076 3372 γἰαινόμενον

287 3585 402 3647 3είνιοι
430 3605 480 3658 pro
505 3580 585 3662 εόροι
608 3591 682 3659 libri,
711 3606 781 3646 corr.
807 3591 915 3646 Geelius
1031 3612 1073 3658 τις
1097 3587 1134 3650 άν
1155 3595 1204 3648 καί
1226 3589 1287 3668 γὰρ
1310 3602 1457 3673 πανταχοῖ

200 3674 275 3732 UBT
390 3674 563 3730 scribendum
583 3679 632 3731 καί
656 3672 747 3749 (γὰρ)
770 3673 947 3748 οἰνόφλυγες.
1059 3681 1074 3729 5
1098 3669 1164 3735 ἄλλ’
1187 3671 1253 3734 οόδὲ
1277 3686 1372 3742 τοῦτο
1394 3684 1456 3748 Πλεῖ,

201 3776 272 3815 corr.
304 3760 383 3829 Emp.
504 3764 520 3819 6
547 3761 665 3815 conieci:
699 3765 748 3816 καὶ
775 3757 912 3832 δημόσιον
945 3756 1092 3832 (ὄνειδος)
1120 3763 1262 3833 γίςγνεται
1293 3772 1348 3826 καὶ
1379 3775 1456 3875 δημη·

201 3847 250 3923 σίηι
276 3846 346 3901 delet
364 3843 426 3899 Wil.
513 3849 527 3896 7
549 3842 658 3915 γίνεται
680 3847 705 3899 Β
791 3850 806 3899 8
830 3846 1010 3918 πνρέττοιΤ
1098 3846 1325 3906 9scribendum.
1356 3856 1457 3929 περιεῖ·

201 3935 273 4002 ληφε
374 3923 458 3986 κάκεί
459 3950 517 3985 νων
539 3927 600 3986 ἐστὶ
623 3929 722 3984 seclusi
839 3935 867 3984 11
898 3926 1013 3988 οἴεσθαι
1034 3931 1064 3986 Μ
1169 3935 1200 3986 12
1224 3931 1357 4004 πολλοὺς
1379 3943 1457 4012 δῆλον

203 4006 249 4073 ότι
272 4014 371 4070 seclusi
475 4018 506 4068 13
532 4004 580 4072 ότ
602 4010 640 4073 άν
669 4009 876 4087 άναγκαῖονῐί
971 4012 1076 4090 άνδρεσ
1102 4011 1200 4088 ἀγαθά
1228 4017 1251 4072 Τ
1364 4028 1398 4081 14
1412 4019 1459 4096 μό

201 4121 254 4158 νυν
280 4099 357 4165 libri,
385 4114 454 4153 corr.
482 4099 583 4154 Reiske
705 4105 735 4156 15
759 4090 804 4157 ότι
833 4104 881 4157 καί
908 4090 950 4156 τόν
976 4099 1034 4158 ἐκτ.
1062 4102 1137 4170 libri,
1171 4118 1240 4158 corr.
1271 4104 1396 4166 casaub.

203 4189 234 4240 16
259 4193 323 4241 τοῖσ
349 4184 379 4241 δὲ
404 4177 565 4255 Ἀθηναίοισ
588 4185 618 4238 Μ
740 4192 770 4240 12
798 4182 997 4258 ἐπιτηδεύοντα
1024 4187 1060 4272 Μ
1173 4185 1220 4243 ἐπὶ
1246 4193 1338 4249 τοῦτο
1368 4194 1392 4248 Τ

200 4286 251 4340 pro
286 4262 391 4334 αύτούς
418 4266 536 4341 ἐποίησε
568 4270 740 4324 scribendum
774 4273 810 4328 αὐ
839 4271 990 4341 συνέπεσε,·
1024 4261 1060 4328 αό
1091 4263 1174 4328 τοῦτ’
1190 4269 1275 4371 αίέπο
1264 4276 1328 4348 ίησε
1362 4279 1459 4350 Empe·

201 4354 258 4408 rius
346 4357 378 4407 20
396 4354 581 4410 scribendum:
601 4351 673 4425 πλὴν
692 4345 766 4427 όκερ
783 4351 834 4428 ἤδη
920 4361 952 4411 22
970 4357 1156 4413 scribendum:
1180 4346 1281 4432 ὥσπερ
1299 4358 1396 4436 (γὰρ)

201 4434 289 4588 26ἰζέν
310 4458 407 4574 κροτω
430 4439 460 4492 Μ
563 4444 611 4496 καί
639 4455 691 4494 om.
715 4439 746 4493 M
850 4445 882 4495 26
903 4441 976 4514 μέγα
1003 4442 1077 4508 libri,
1106 4457 1174 4498 corr.
1200 4442 1307 4501 Selden.
1415 4469 1461 4521 μιν

203 4540 239 4592 ορ
269 4540 308 4577 ων
