3068 5160
188 322 249 380 298
603 320 725 377 DIONIS
743 320 899 378 TARsch
917 320 1029 378 PRIOR

188 502 255 557 τῶν
277 500 472 576 γενομένων,
495 498 552 559 καί
574 498 619 571 ὣς
641 488 879 581 έστεἝλληνες
900 498 957 559 καὶ
968 488 1115 581 Ἀργεῖοι
1136 498 1198 560 καί
1220 498 1282 560 έτι
1297 494 1463 579 βελτίους,

151 599 242 660 2καὶ
264 599 427 682 ἀρχηγοὺς
450 600 539 678 ἔχετε
562 600 675 683 ῆρωας
697 599 753 660 καί
775 598 958 683 ῆμιθέους,
981 595 1108 679 μᾶλλον
1140 595 1178 661 δὲ
1207 603 1393 675 Τιτᾶνας·
1419 602 1463 664 ἔτι

188 697 224 762 δὲ
249 699 345 779 οἶμαι
368 702 449 783 περί
469 721 506 763 τε
534 709 593 786 τῆς
617 703 730 782 χώρας
757 701 814 762 καί
841 706 907 760 τῶν
937 701 1024 784 δρῶν
1054 706 1120 762 τῶν
1149 692 1231 762 κατ’
1271 702 1388 787 αὐτὴν
1415 706 1463 766 καί

187 800 285 864 τοῦδε
307 810 369 864 τοῦ
390 800 539 879 Κύδνου,
569 805 615 877 ὡς
644 799 847 878 δεξιώτατος
870 803 1031 864 ἀπάντων
1054 808 1224 882 ποταμῶν
1256 805 1324 867 καὶ
1354 800 1462 867 κάλλι·

189 921 284 982 στος,
312 906 349 966 οί
367 926 403 966 τε
426 897 490 966 ἀπ’
517 906 621 966 αὐτοῦ
641 905 797 977 πίνοντες
820 904 957 988 ἀφνειοὶ
977 905 1034 966 καί
1054 906 1222 988 μακάριοι
1244 896 1346 966 καθ’
1365 898 1484 992 ‘'Opq-5

186 1027 254 1090 ρον.
300 1015 405 1069 ταῦτα
427 1007 489 1091 γάρ
514 1008 586 1069 έστλ
607 1008 668 1086 μὲν
691 1002 821 1090 ἀληθῆ,
849 1006 906 1066 καί
930 1012 1073 1084 συνεχῶς
1096 1006 1182 1067 αὐτά
1214 1007 1373 1070 ἀκούετε
1403 1015 1462 1071 τῶν

186 1130 223 1170 τε
245 1116 398 1194 ποιητῶν
420 1111 456 1170 έν
477 1113 615 1192 μέτροις
629 1109 685 1169 καί
700 1104 811 1168 ἀλλων
827 1103 957 1188 ἀνδρῶν
973 1108 1053 1169 αὐτὸ
1069 1114 1169 1169 τοῦτο
1186 1109 1297 1193 ἔργον
1316 1128 1462 1196 πεποιη-

186 1215 295 1290 μένων
318 1206 545 1293 έγιωμιάζειν,
570 1208 679 1272 δεῖται
703 1207 738 1272 δέ
760 1205 907 1293 μεγάλης
929 1211 1021 1283 τινός
1044 1219 1270 1297 παρασκευῆς
1286 1212 1352 1275 καὶ
1370 1209 1460 1275 δυνά·

150 1313 168 1376 3
184 1334 283 1393 μεως.
328 1315 364 1374 τί
387 1312 443 1374 οὖν
465 1317 554 1396 ῆμάς
576 1307 729 1387 ἐλπίζετε
751 1313 860 1396 έρεῖν,·
887 1311 907 1395 ἢ
931 1312 966 1372 τί
990 1307 1138 1390 μάλιστα
1168 1313 1331 1376 ἀκοῦσαι
1363 1317 1461 1377 σπεά·

187 1412 259 1477 δετε
284 1415 377 1498 παρά
397 1411 527 1497 ἀνδρῶν
545 1415 602 1474 οὐκ
618 1410 832 1497 εὐτραπέλων
849 1411 925 1475 οὐδὲ
942 1414 1029 1498 πρὸς
1041 1415 1140 1498 χάριν
1156 1411 1301 1494 ὁμιλεῖν
1319 1413 1460 1479 εἰδότων
1475 1428 1493 1481 ln

186 1514 262 1578 οὐδὲ
286 1513 435 1596 αἱμύλων
459 1511 535 1576 οὐδέ
558 1517 625 1577 ὑπὸ
648 1524 777 1600 τρυηῆς
800 1517 920 1576 ἰόντων
943 1516 1003 1577 ἐπὶ
1024 1516 1103 1590 τούς
1133 1511 1281 1596 λόχοος;
1313 1520 1373 1580 ότι
1402 1519 1495 1599 μδνισ

184 1619 246 1702 χάρ
271 1620 308 1679 οὐ
328 1620 483 1703 χρήματα
506 1611 699 1692 ἐλπίζοντες
728 1609 813 1701 παρ’
845 1622 938 1699 ῆμῶν
968 1613 1044 1678 οὐδὲ
1074 1612 1155 1677 ἀλλο
1186 1637 1224 1679 τι
1255 1615 1381 1705 δῶρον
1408 1621 1459 1683 καί

185 1722 273 1782 πάνυ
297 1722 495 1800 ἐπίσταμαι.
626 1722 708 1803 φέρε
731 1719 788 1780 οόν
803 1720 905 1800 ἔχωχε
921 1717 1009 1781 εἴπω
1025 1720 1084 1804 τῆν
1099 1719 1252 1798 έμαυτοῖ
1274 1722 1457 1790 ὑπόνοιαν.

150 1821 169 1880 4
186 1818 315 1884 δοκεῖτέ
331 1842 392 1903 μοι
408 1819 572 1896 πολλάκις
588 1822 766 1905 ἀκηκοέναι
781 1821 889 1883 θείιυν
905 1821 1113 1904 ἀνθρώπων,
1137 1820 1172 1881 οἱ
1187 1823 1315 1884 πάντα
1332 1821 1458 1887 εἰδέναι

186 1926 273 2009 φασί
294 1926 350 1986 καί
373 1926 452 2008 περὶ
474 1927 612 1986 πάντων
635 1925 722 2006 έρεῖν
748 1913 770 2006 ᾗ
801 1919 1016 1985 διατέτακται
1043 1923 1100 1984 καὶ
1126 1922 1203 1983 τίνα
1233 1923 1315 2003 ἔχει
1346 1928 1491 2011 φόσιν,9

185 2027 267 2110 περί
287 2047 323 2088 τε
347 2027 621 2109 ἀνθρώπωνκαὶ
644 2022 814 2105 δαιμόνων
836 2026 892 2087 καὶ
915 2017 1017 2108 [περὶ]
1041 2024 1150 2100 θεῶν,
1173 2023 1227 2085 ἔτι
1251 2021 1295 2087 δὲ
1321 2036 1387 2113 γῆς
1407 2029 1457 2090 καί

185 2129 330 2212 οὐρανοῦ
348 2130 405 2190 καί
426 2125 611 2212 θαλάττης,
633 2129 691 2190 καὶ
713 2128 793 2210 περὶ
814 2123 910 2212 ῆλίου
932 2127 988 2187 καλ
1012 2122 1150 2210 σελήνης
1170 2126 1230 2188 καὶ
1251 2134 1331 2190 τῶν
1348 2126 1455 2191 ἄλλων

185 2231 334 2312 άστρων,
364 2231 420 2291 καὶ
448 2232 528 2314 περὶ
555 2238 617 2291 τοῦ
646 2233 842 2309 σύμπαντος
869 2231 1013 2308 κόσμου,
1042 2229 1099 2290 καὶ
1124 2227 1205 2310 περὶ
1230 2228 1384 2316 φθορᾶς
1405 2232 1455 2293 καί

184 2333 345 2410 γενέσεως
376 2333 433 2392 καί
465 2333 593 2415 μυρίων
627 2328 747 2393 ἀλλων.
798 2323 908 2392 ἔπειτ’
942 2329 1038 2410 οἶμαι
1067 2325 1336 2414 προσελθόντες
1365 2335 1455 2414 ὑμῶν

184 2431 420 2493 πυνθάνονται
441 2433 477 2493 τί
497 2428 667 2512 βούλεσθε
689 2433 811 2505 αὐτοὺς
833 2433 943 2494 εἰπεῖν
965 2433 1021 2494 καὶ
1044 2432 1124 2516 περὶ
1144 2431 1256 2510 τίνος,
1281 2436 1378 2497 κατά
1400 2438 1488 2503 τδνκ

183 2530 366 2618 Πίνδαρον,

384 2645 534 2736 Ἰσμηνόν
556 2654 576 2737 ἢ
602 2647 855 2736 χρυσηλάκατον
877 2648 1012 2713 Μελίαν
1034 2653 1053 2735 ῆ
1078 2647 1237 2732 Κάδμον·

183 2777 211 2849 ό,
234 2794 268 2835 τι
291 2765 324 2836 δ’
343 2774 383 2835 ἀν
399 2770 567 2856 ἀξιώσητε
590 2773 695 2850 ὑμεῖς,
719 2771 819 2832 ένθεν
846 2767 929 2832 ἑλὼν
957 2771 1088 2855 ἀθροον
1109 2771 1165 2832 καί
1188 2767 1305 2834 πολὺν
1321 2774 1447 2858 ἀφήσει

183 2877 241 2935 τόν
271 2871 384 2955 λόχον,
419 2876 535 2957 ὥσπερ
565 2894 599 2934 τι
628 2874 733 2956 ῥεῦμα
763 2873 921 2956 ἄφθονον
950 2874 985 2933 έν
1015 2870 1105 2954 αάτῴ
1133 2871 1448 2956 κατακεκλειμένον.

150 2966 304 3036 5έπειθ’
329 2977 425 3053 ὑμεῖς
448 2977 626 3048 ἀκούοντες
647 2977 685 3036 τό
708 2976 768 3054 μὲν
791 2969 956 3050 ἐξετάζειν
977 2966 1062 3035 καθ’
1088 2977 1265 3060 έκαστονη*
1284 2978 1490 3045 άπιστεῖνά

182 3072 280 3158 ἀνδρὶ
303 3075 402 3160 σοηη]
426 3073 554 3161 φαῦλον
576 3078 719 3162 ῆχεῖσθε
740 3078 796 3139 καί
818 3078 973 3159 ἄκαιρον,
1003 3073 1113 3151 άλλως
1142 3073 1178 3137 δὲ
1200 3085 1245 3161 τῇ
1267 3080 1373 3164 ῥώμη
1395 3081 1449 3143 καί

182 3185 224 3260 τῇ
255 3187 415 3263 ταχυτῆτι
446 3185 513 3240 τῶν
547 3176 653 3261 λόχων
686 3179 875 3262 ἐπαίρεσθε
908 3179 965 3239 καὶ
993 3181 1082 3240 πάνυ
1108 3179 1244 3261 χαίρετε
1276 3181 1449 3245 ἀπνευστὶ

183 3275 391 3363 ξυνείροντος
413 3289 575 3343 τοσοῦτον
599 3278 696 3360 όχλον
718 3283 891 3364 ῥημάτων,
920 3280 977 3342 καὶ
999 3281 1201 3342 πεπόνθατε
1223 3283 1353 3360 όμοιον
1375 3289 1449 3359 τοῖς

183 3381 290 3463 ὁρῶσι
317 3385 395 3458 τοὺς
425 3385 555 3457 ἵππους
582 3386 662 3457 τοὺς
690 3385 759 3444 ἀπὸ
789 3385 931 3467 ῥυτῆρος
960 3382 1122 3456 θέοντας·
1154 3378 1251 3444 οὐδὲν
1287 3383 1446 3471 ὠφελοί-

266 3691 589 3770 2έχεταιῐίεδχετεΒ
641 3691 714 3755 4δσ
730 3713 780 3768 pro
799 3693 842 3754 άσ
860 3698 911 3754 UT
958 3695 1091 3754 ἵένοω.
1110 3696 1184 3755 UBT
1230 3692 1394 3769 9ὕμάσΠ

183 3787 213 3837 12
231 3777 312 3856 παρά
330 3783 359 3838 Μ
411 3778 490 3850 ὑμῶν
506 3781 586 3838 UBM
636 3783 729 3837 malim
745 3780 875 3851 ἐλπίζετε
892 3783 934 3839 vel
951 3784 1011 3840 ἐλπ.
1030 3777 1103 3855 παρ’
1120 3777 1201 3855 ἡμῶν
1217 3778 1389 3855 (πάρεστε)

183 3875 213 3923 15
235 3864 254 3938 ἢ
275 3884 326 3938 pro
348 3859 365 3939 ᾗ
395 3867 442 3922 UB
547 3870 578 3922 16
601 3861 745 3935 δαιμόνων
763 3867 900 3922 Schwartz
918 3866 993 3932 wil„
1017 3871 1173 3939 δαιμονίων
1198 3867 1274 3936 libri3
1299 3875 1371 3943 περὶ
1396 3886 1441 3928 κο-

180 3955 249 4010 clusi
353 3957 385 4006 18
409 3955 572 4023 περιφοράσ
593 3951 624 4005 Μ
729 3956 760 4006 19
783 3951 985 4024 χεννέσεωσΤ
1089 3958 1121 4008 29
1142 3949 1302 4026 βούλεσθαι
1321 3955 1356 4011 Μ

180 4034 270 4097 εἶπεῖν
288 4037 402 4104 (εἰείχΰ
476 4039 509 4090 22
525 4032 726 4108 χρυσήλακτον
743 4037 774 4092 Μ
852 4037 886 4092 cf.
907 4037 984 4092 Pind.
1003 4037 1054 4108 frg.
1073 4043 1088 4093 6
1106 4039 1206 4107 Bergk.
1288 4041 1322 4092 23
1342 4037 1442 4100 ἐλθὼν

178 4124 247 4191 libri,
267 4138 336 4178 corr.
356 4121 456 4176 Reiske
551 4115 663 4196 ἀθροῦν
679 4123 729 4179 UB
814 4122 895 4178 immo
914 4117 1013 4195 ἀφίησι
1105 4122 1140 4178 cf.
1160 4122 1209 4179 Od.
1228 4122 1297 4179 VIII
1315 4129 1369 4182 500

179 4212 212 4261 24
230 4202 474 4277 κατακεκλιμένον
492 4206 522 4260 Μ
540 4204 818 4277 κατακεκλεισμένον
836 4207 860 4261 Τ
964 4213 995 4262 25
1013 4206 1163 4277 έπιθυμεῖσ
1179 4207 1210 4262 Μ
1310 4214 1346 4265 26
1364 4206 1441 4286 ἡγεῖ-

178 4297 246 4348 σθαι
273 4294 303 4346 Μ
415 4287 538 4363 ἀκοιρον
565 4293 589 4348 U
617 4288 776 4362 ἀκυρονΤ
886 4296 921 4366 τῆ
947 4287 1021 4367 ῥύμη
1047 4294 1148 4350 Jacobs
1251 4297 1283 4348 27
1317 4293 1440 4374 ἐπαίρε-

179 4381 248 4432 σθαι
264 4377 295 4431 Μ
381 4369 532 4434 ἀπνευστεί
553 4377 583 4432 Μ
670 4381 701 4431 28
720 4379 901 4448 ξυνείρονιεσ
918 4378 993 4444 libri,
1017 4394 1085 4433 corr.
1105 4378 1221 4434 casaub.
1320 4385 1356 4437 29
1374 4389 1442 4441 ante

179 4453 259 4516 οὐδὲν
276 4461 519 4530 interpungendum
536 4477 595 4518 esse
612 4461 677 4516 vidit
695 4462 841 4529 Schwartz,
859 4463 929 4518 idem
947 4463 977 4520 δὲ
994 4480 1021 4532 p.
1041 4467 1099 4530 299,
1120 4468 1131 4516 1
1153 4462 1250 4519 delevit
