3068 5160
616 327 753 384 ORATIO
770 328 792 383 1.
1292 328 1329 386 11

78 505 201 589 φήμην.
246 506 324 566 ὅσοι
344 505 407 587 γάρ
430 521 515 566 ποτε
539 505 645 590 σοφοὶ
665 506 722 566 καὶ
744 501 888 588 ἀληθεῖς
909 491 985 565 κατ’
1005 503 1214 587 ἀνθρώπους
1238 500 1332 585 λόγοι

77 607 156 689 περί
166 606 261 667 θεῶν
272 625 308 666 τε
322 606 379 667 καλ
393 612 456 666 τού
470 608 676 685 σύμπαντος,
690 607 749 667 ούκ
765 607 842 667 ἀνευ
855 605 957 679 θείας
969 623 1054 666 ποτε
1069 603 1262 691 βουλήσεως
1276 607 1332 668 καλ

75 710 175 791 τύχης
198 699 244 790 [έν
265 715 358 792 ψυχῇ
381 700 477 791 ποτε]
500 708 697 792 ἀνθρώπων
720 709 871 789 ἐγένοντο
901 703 958 768 διδ
986 713 1054 768 τῶν
1077 709 1221 791 πρώτων
1249 730 1331 788 μαν-

75 815 176 871 τικῶν
198 828 234 870 τε
255 810 312 870 καί
332 809 442 871 θείων
464 805 612 892 ἀνδρῶν·
636 807 708 870 οἷον
731 810 767 870 έν
792 801 906 893 Θρηίκη
929 808 1005 870 τινὰ
1034 805 1186 889 λέγουσιν
1204 801 1329 895 Ὀρφέα
1342 814 1381 877 58

39 923 54 973 5
76 911 238 993 γενέσθαι
259 911 405 995 Μούσης
427 912 511 987 υίόν,
535 907 637 972 ἀλλον
662 906 697 971 δέ
720 914 868 990 ποιμένα
894 911 930 971 έν
960 910 1032 994 όρει
1053 911 1121 971 τινλ
1142 919 1200 995 τῆς
1222 914 1331 973 Βοιω-

75 1015 151 1086 τίας
174 1012 282 1074 αὐτῶν
299 1012 443 1074 ἀκούσαι
464 1018 532 1073 τῶν
548 1013 713 1073 Μουσῶν·
737 1014 814 1072 ὅσοι
837 1007 873 1072 δὲ
896 1012 974 1072 ἀνευ
999 1007 1176 1090 δαιμονίου
1191 1022 1332 1099 κατοχῆς

75 1114 131 1174 καλ
152 1113 339 1188 ἐπιπνοίας
362 1111 480 1195 λόγους
501 1113 598 1186 τινάς
620 1115 666 1187 ὡς
689 1110 833 1196 ἀληθεῖς
855 1103 942 1196 παρ’
968 1114 1079 1174 αὐτῶν
1101 1114 1262 1193 ἐκόμισαν
1284 1116 1333 1188 είς

75 1215 133 1274 τδν
155 1213 231 1293 βίον
254 1214 406 1288 ἀτόπους
419 1216 476 1276 καῖ
491 1216 670 1298 πονηρούς.
708 1215 807 1276 ἀκουε
824 1211 862 1299 δη
879 1211 978 1276 τούδε
993 1221 1055 1275 τον·
1067 1216 1181 1295 μύθου
1200 1210 1332 1299 σφόδρα

75 1316 264 1399 ἐγρηγορώς
286 1336 322 1378 τε
344 1317 400 1378 καί
422 1317 480 1376 τὸν
502 1323 580 1377 νούν
596 1319 782 1399 προσέχων,
806 1318 901 1389 ὅπως
917 1312 1209 1400 διαμνημονεύσας
1225 1317 1332 1397 ἀπαγ-

24 1434 52 1484 10
75 1413 187 1498 γείλης
210 1417 298 1500 πρός
319 1419 461 1494 ἐκεῖνον,
492 1407 520 1498 ᾦ
544 1416 633 1501 φημί
663 1432 699 1480 σε
729 1413 920 1498 συμβαλεῖν.
966 1418 1041 1479 έοτι
1068 1415 1104 1479 δὲ
1134 1418 1214 1501 περί
1235 1413 1332 1478 τοῦδε

75 1525 137 1580 τού
164 1517 263 1594 θεοῦ,
293 1507 379 1600 παρ’
405 1507 433 1597 ᾦ
467 1525 524 1580 νύν
553 1519 663 1596 ἐσμεν.
707 1514 747 1602 ἦν
768 1520 830 1598 μὲν
851 1520 931 1603 γάρ,
962 1520 1009 1593 ὡς
1038 1521 1164 1592 πάντες
1187 1515 1331 1599 λέγουσι,
1343 1525 1383 1586 59
1430 1600 1434 1607 ¹

76 1621 161 1693 Διὸς
182 1619 256 1691 υίδς
278 1614 315 1693 ἐξ
326 1609 520 1704 Ἀλκμήνης,
542 1617 703 1701 βασιλεύς
727 1617 762 1682 δὲ
787 1620 824 1680 ού
847 1623 952 1700 μόνον
968 1610 1120 1702 Ἄργους,
1145 1613 1254 1702 [ἀλλὰ]
1276 1620 1333 1682 καί

75 1730 134 1807 τῆς
158 1713 315 1793 Ἑλλάδος
342 1721 489 1804 ἀπάσης.
535 1729 634 1784 τοῦτο
666 1719 701 1784 δὲ
726 1723 760 1783 ol
782 1719 906 1784 πολλοί
935 1722 993 1782 ούκ
1022 1720 1147 1798 ἴσασιν,
1177 1712 1254 1781 ἀλλ’
1279 1724 1333 1783 δτι

76 1823 176 1896 αύτδς
205 1818 374 1906 ἀπεδημει
405 1827 669 1907 στρατευόμενος
698 1824 755 1884 καί
784 1819 963 1907 φυλάττων
990 1826 1049 1910 την
1079 1824 1197 1907 ἀρχήν,
1233 1824 1268 1883 οἱ
1296 1814 1329 1884 δ’

23 1936 52 1987 lb
74 1923 254 2007 Εύρυσθέα
279 1925 366 2008 φασὶ
387 1921 579 2004 βασιλεύειν
602 1929 678 1987 τότε
703 1918 752 2007 [δς
766 1920 806 2008 ἦν
825 1927 962 1987 πάντων
980 1922 1263 2010 φιλοπονώτατος
1277 1925 1333 1986 καλ

76 2021 163 2085 πολύ
185 2025 346 2108 κρείττων
369 2032 436 2088 τῶν
459 2020 548 2106 έκεῖ].
586 2028 768 2105 ταῦταμὲν
785 2025 843 2087 οὖν
860 2022 991 2108 λέγεται
1007 2029 1117 2110 μάτην
1132 2017 1192 2086 ὑπ’
1212 2027 1330 2087 αὐτῶν.
1343 2033 1383 2094 60

75 2127 200 2201 ἐκεῖνος
224 2123 260 2188 δὲ
284 2128 322 2188 ού
345 2130 448 2206 μόνον
471 2119 698 2214 τῆςἙλλάδος
713 2124 752 2212 ἦν
768 2124 937 2208 βασιλεύς,
961 2119 1034 2188 ἀλλ’
1053 2119 1117 2188 ἀπ’
1136 2128 1333 2206 ἀνίσχοντος

76 2224 170 2313 ηλίου
193 2233 291 2314 μέχρι
315 2225 477 2309 δυομένου
501 2232 616 2313 πάσης
644 2225 722 2313 ἦρχε
744 2237 804 2314 γῆς
825 2230 882 2290 καλ
909 2236 976 2291 τῶν
999 2230 1195 2314 ἀνθρώπων
1224 2231 1332 2289 ἀπάν-

75 2349 151 2406 των,
175 2321 261 2414 παρ’
288 2329 340 2404 οἷς
370 2332 443 2415 ἱερά
473 2333 566 2393 ἐστιν
588 2323 797 2416 Ἡρακλέους.
841 2327 881 2415 ἦν
912 2328 947 2392 δὲ
975 2333 1032 2392 καί
1059 2327 1379 2409 πεπαιδευμένος61

22 2445 54 2497 11
76 2428 209 2509 ἁπλῶς,
241 2432 279 2492 ού
309 2429 536 2518 πολυτρόπως
565 2431 642 2495 ούδὲ
672 2439 842 2518 περιττῶς
871 2433 1064 2517 σοφίσμασι
1095 2434 1152 2495 καὶ
1185 2451 1331 2516 πανουρ-

75 2535 220 2618 γημασιν
242 2535 440 2619 ἀνθρώπων
461 2533 724 2615 κακοδαιμόνων.
839 2531 973 2616 λέγουσι
996 2531 1032 2595 δὲ
1054 2535 1236 2595 καὶταῦτα
1253 2536 1332 2618 περὶ

70 2625 280 2720 Ἡρακλέους,
304 2639 351 2711 ὡς
371 2639 495 2719 γυμνός
516 2628 571 2720 ᾔει
592 2639 695 2715 μόνον
712 2637 796 2715 ἔχων
812 2632 948 2720 λεοντῆν
962 2637 1018 2697 καὶ
1032 2631 1194 2719 ῥόπαλον.
1232 2643 1331 2696 τούτο
1343 2642 1383 2703 61

10 2734 112 2799 Ηῦδέ
143 2739 250 2812 οὕτως
280 2735 449 2820 λέγουσιν,
478 2741 531 2800 ότι
553 2739 679 2812 ἐκεῖνος
703 2738 779 2799 ούτε
803 2737 942 2820 χρυσίον
974 2735 1049 2797 ούτε
1075 2736 1233 2819 ἀργύριον
1257 2736 1332 2797 ούτε

75 2839 207 2924 ἐσθῆτα
231 2841 312 2924 περὶ
334 2837 466 2902 πολλού
487 2842 651 2916 ἐποιεῖτο,
675 2835 760 2900 ἀλλά
783 2846 888 2900 ταῦτα
907 2839 1019 2899 πάντα
1042 2831 1174 2916 ἐνόμιζε
1189 2844 1251 2897 τού
1270 2858 1332 2921 μη-

18 2955 51 3008 15
75 2937 171 3014 δενός
193 2937 283 3018 ἀξια,
307 2937 395 3026 πλην
418 2944 498 3002 δσον
522 2938 640 3003 δοῦναι
667 2943 724 3003 καί
742 2940 968 3024 χαρίσασθαι.
1014 2935 1157 3012 πολλοῖς
1185 2945 1263 3020 γούν
1294 2938 1331 2998 ού

73 3044 178 3120 μόνον
198 3043 352 3126 χρηματα
376 3043 502 3126 ἄπειρα
525 3044 581 3104 καὶ
602 3051 662 3128 γῆν
683 3044 740 3104 καί
762 3039 884 3125 ἀγέλας
907 3042 1025 3102 ἵππων
1044 3041 1101 3102 καί
1122 3041 1222 3121 βοῶν,
1246 3037 1331 3100 ἀλλὰ

73 3137 253 3223 βασιλείας
273 3144 330 3204 καί
352 3139 471 3217 πόλεις
494 3140 574 3217 ὅλας
596 3141 801 3228 ἐδωρήσατο.
839 3145 996 3204 ἐπίστευε
1019 3143 1081 3226 γάρ
1102 3144 1206 3203 αύτού
1220 3144 1331 3204 πάντα

75 3243 166 3306 εἶναι
198 3246 256 3307 καὶ
289 3241 385 3305 οὐδὲν
415 3240 608 3328 ἀλλότριον,
643 3245 915 3328 προσγίγνεσθαι
944 3241 979 3305 δέ
1008 3248 1081 3317 τοῖς
1108 3241 1247 3306 δοθεῖσι
1273 3245 1333 3330 την

75 3345 209 3408 εδνοιαν
231 3353 298 3407 τῶν
328 3342 508 3426 λαβόντων.
555 3345 593 3405 ού
615 3347 727 3406 τοίνυν
752 3342 827 3405 ούδὲ
855 3347 960 3406 έκεῖνο
991 3342 1120 3429 ἀληθές
1151 3360 1257 3430 φασιν
1280 3347 1333 3408 δτι
1343 3354 1384 3416 63

164 3564 175 3612 1
196 3578 228 3616 τε
244 3574 295 3627 pro
313 3577 386 3614 ποτε
403 3557 429 3612 V
516 3577 588 3616 ποτε
605 3559 772 3626 suspectum,
790 3557 852 3612 fori
872 3546 939 3613 ὅσοι
957 3551 1014 3629 γὰρ
1032 3559 1083 3612 νῦν
1099 3576 1133 3628 γε
1226 3562 1242 3611 1
1261 3575 1333 3613 ποτε

75 3643 120 3698 hie
138 3642 190 3698 dol.
209 3643 318 3708 ΒυίεΙω,
334 3643 382 3699 sed
398 3642 493 3697 vitium
511 3643 579 3698 labet
595 3643 624 3697 in
641 3641 818 3711 sequentibus
892 3644 907 3694 3
927 3638 959 3698 έν
980 3643 1058 3713 ψυχῇ
1076 3647 1237 3709 suspectum
1255 3642 1333 3710 wi1.;

76 3727 141 3784 fort.
160 3724 297 3800 ἐμφανεῖς
315 3720 486 3801 ἀνθρώποις
530 3722 573 3784 ιδσ
591 3721 652 3785 δστι
673 3731 780 3796 μαθεῖν
801 3729 865 3796 post
881 3723 1016 3798 ἐγένοντο
1034 3725 1130 3780 inserit
1146 3726 1195 3781 ΠΒ
1248 3732 1264 3781 4
1280 3719 1334 3799 Ὀρ

75 3810 154 3883 φέως
170 3812 207 3867 W
297 3817 311 3865 5
330 3807 428 3870 ἀλλωσ
445 3812 504 3867 PW
595 3818 611 3867 6
627 3828 678 3883 pro
697 3803 763 3869 δσοι
780 3812 839 3879 lege
856 3815 971 3876 πολλοῖς
996 3813 1123 3866 lacunam
1140 3815 1213 3881 (post
1231 3809 1334 3878 έπιιιν.)

76 3896 173 3951 statuit
190 3896 253 3951 Wil.
322 3896 491 3954 ῖέπινοίασ
508 3897 558 3954 UV
569 3914 605 3953 m.
617 3913 659 3967 pr.
730 3888 865 3968 θδιδπερ
883 3893 972 3954 ἀκουε
990 3891 1060 3967 δὴῦ
1130 3892 1334 3970 9ἐγρηγόρωσ

76 3981 140 4036 libri
157 3996 249 4037 omnes
355 3988 384 4038 11
404 3982 537 4055 λέγουσιν
553 3983 605 4038 UV
709 3985 741 4036 11
759 3974 831 4039 ἀλλὰ
850 3997 902 4039 om.
920 3982 946 4039 V
964 3995 1033 4050 quae
1052 3985 1202 4050 sequuntur
1218 3981 1334 4048 graviter

77 4066 215 4135 laborant3
239 4067 404 4121 delectione
422 4066 607 4136 Eclpraef.
696 4072 728 4122 14
745 4059 808 4124 οὐδ’
825 4082 876 4136 pro
894 4064 923 4123 ολ
940 4059 1010 4122 όἸ]
1090 4069 1122 4120 16
1141 4080 1210 4136 quae
1227 4065 1334 4120 uncinis

75 4150 184 4218 inclusi,
201 4150 264 4206 libri
282 4165 374 4206 omnes
391 4151 493 4207 babent
510 4152 563 4207 nisi
580 4152 653 4222 quod
670 4156 730 4209 τῶν
747 4168 800 4207 om.
818 4151 852 4208 V.
941 4157 973 4206 16
991 4145 1024 4222 δὴ
1041 4166 1092 4220 pro
1112 4142 1200 4208 οῧνΠ
1280 4142 1333 4206 ὑπ’

75 4229 174 4293 αὐτῶν
190 4235 293 4291 Jacobs
309 4229 367 4292 ύτιδ
385 4255 445 4293 των
461 4235 525 4291 libri
613 4241 643 4292 19
661 4227 749 4308 ἧινῖ
835 4240 868 4290 10
886 4231 1076 4308 πολύτροποσ
1094 4235 1153 4290 PW
1239 4253 1334 4307 περιτ-

76 4315 128 4386 τὸς
145 4319 209 4375 libri
227 4336 329 4387 omnes,
348 4336 417 4376 corr.
436 4320 538 4376 Reirko
635 4325 667 4376 11
680 4317 723 4393 εἴη
739 4337 789 4390 pro
807 4316 851 4393 ᾔει
868 4320 931 4375 libri
948 4320 1072 4375 meliores
1158 4316 1259 4390 μόνωσ
1276 4317 1335 4386 (σεδ

76 4423 96 4461 σ
112 4405 141 4458 in
158 4425 175 4461 ν
192 4406 374 4471 mutatumlP
453 4400 561 4477 δχονΡ
639 4409 673 4459 14
689 4402 785 4463 πάντα
803 4405 905 4460 om.w
982 4401 1155 4475 ένόμιζενΥ
1224 4411 1255 4460 11
1275 4402 1334 4462 ἐπί-

76 4507 178 4546 στευεν
195 4490 220 4545 V
289 4495 321 4545 18
338 4492 567 4562 προσγίγνεσθαι
586 4491 692 4560 scripsi,
709 4489 924 4564 προσγενέσθαι
940 4491 1003 4546 libri
