3068 5160
703 313 840 370 ORATIO
859 314 907 369 ΧΙ.
1366 318 1425 378 119

173 485 337 570 λέγουσιν.
389 488 509 550 ἔπειτα
539 485 574 550 όό
599 491 752 575 εἰρήκασι
774 493 853 565 τούς
874 492 935 571 μέν
958 493 1004 566 ὡς
1035 490 1159 575 πτωχῷ
1168 542 1177 568 ,
1208 496 1286 568 τούς
1316 491 1350 555 όό
1381 496 1427 569 ὡς

171 593 364 672 μαινομένῳ
382 587 612 674 ἀπάρχεσθαι,
635 594 691 654 καί
712 589 840 672 μᾶλλον
865 592 995 655 οἴονται
1017 597 1097 668 τούς
1119 598 1195 656 τότε
1217 602 1428 676 καταγνῶναι

173 681 280 755 aizoo
298 693 422 772 μανίαν
444 690 577 779 τάληθῆ
603 691 756 775 λέγοντος
778 693 1034 779 ήήιευόομένου.
1074 698 1111 757 οά
1126 699 1192 782 μήν
1208 700 1287 759 ὅσον
1310 718 1346 778 γε
1369 699 1428 760 ἐπὶ

171 795 309 868 τούτοις
332 797 426 876 ψέγω
443 785 605 879 Ὅμηρον·
628 792 750 857 κωλύει
770 797 833 879 γάρ
859 797 962 858 οόθόν
978 794 1083 881 ἀνόρα
1108 800 1218 882 σοφόν
1243 801 1427 877 πτωχεύειν

139 907 156 958 ί
176 887 254 958 mm
270 896 459 975 μαίνεσθαι
476 893 600 958 όοκεῖν·
624 890 699 958 ἀλλ’
725 901 778 960 ότι
793 899 876 959 κατά
893 901 952 982 τήν
967 901 1101 960 ἐκείνων
1125 896 1235 976 δόξαν,
1259 901 1298 984 ἣν
1314 902 1428 979 έχουσι

173 989 408 1083 περίὈμήρου
430 999 487 1060 καί
509 1001 589 1082 περὶ
611 1007 677 1061 τῶν
700 1003 873 1076 τοιούτων,
897 1001 985 1075 είκός
1006 1003 1080 1062 έστι
1099 1002 1212 1085 μηθὲν
1227 1003 1317 1083 ὑγιὲς
1340 1001 1428 1064 εἶναι

172 1105 241 1161 τῶν
264 1099 448 1184 εἰρημένων
470 1091 532 1160 ὑπ’
559 1092 670 1162 αὐτοῦ.
825 1095 861 1164 οὐ
886 1105 998 1165 τοίνυν
1022 1095 1098 1164 σι’·όέ
1122 1100 1200 1164 τόόε
1223 1098 1426 1182 νομίζουσιν,
1440 1109 1478 1170 17

174 1191 235 1263 ούκ
258 1198 346 1263 εἶναι
368 1202 403 1262 ἐν
425 1209 467 1286 τῇ
486 1193 629 1287 Ὁμήρου
654 1206 756 1288 φύσει
771 1207 809 1265 τό
826 1203 953 1286 ψεῦόος
970 1196 1046 1266 οὐδὲ
1066 1201 1303 1284 ἀποδέχεσθαι
1327 1195 1428 1267 αἰτόν

173 1309 346 1366 τοιοῦτον·
383 1299 528 1365 πλεῖστα
556 1311 635 1386 γοῦν
662 1308 720 1367 τόν
745 1297 907 1368 Ὀόυσσέα
937 1309 1104 1392 πεποίηκε
1134 1304 1360 1389 ψευδόμενον,
1391 1307 1428 1368 όν

131 1414 155 1467 ιο
172 1401 323 1485 μάλιστα
344 1403 473 1488 ἰπῄνει,
497 1408 555 1468 τόν
579 1403 614 1468 όό
641 1397 838 1470 Αὐτόλυκον
860 1410 916 1470 καί
939 1411 1110 1493 ἐπιορκεῖν
1135 1427 1230 1494 φησι,
1253 1411 1309 1470 καί
1331 1401 1425 1471 τοῦτ’

175 1497 267 1590 αὐτῷ
291 1507 384 1590 παρὰ
406 1515 468 1568 τοῦ
485 1499 604 1591 Ἑρμοῦ
625 1506 801 1572 όεόόσθαι.
840 1513 919 1595 περί
943 1508 978 1572 όὲ
1001 1512 1094 1573 θεῶν
1117 1509 1252 1587 πάντες,
1276 1513 1322 1585 ὡς
1344 1513 1428 1586 ἔπος

176 1610 297 1685 εἰπεῖν,
322 1607 525 1693 ὁμολογοῦσι
546 1612 658 1697 μηθὲν
682 1609 811 1696 ἀληθὲς
828 1608 934 1693 λέγειν
942 1605 1089 1698 Ὅμηρον
1104 1615 1160 1676 καί
1176 1615 1209 1674 οἱ
1225 1611 1313 1674 πάνυ
1330 1615 1428 1675 ἐπαι-

176 1719 309 1786 νοῦντες
333 1704 443 1791 αὐτόν,
465 1716 521 1776 καί
536 1716 697 1788 τοιαύτας
720 1711 908 1796 ἀπολογίας
924 1722 1110 1799 πειρῶνται
1126 1709 1287 1799 πορίζειν,
1311 1718 1364 1776 ότι
1391 1717 1428 1776 ού

178 1821 312 1899 φρονῶν
333 1807 428 1876 ταῦτ’
454 1814 579 1898 ἔλεγεν,
609 1807 683 1877 ἀλλ’
711 1817 941 1897 αἰνιττόμενος
962 1819 1018 1879 καὶ
1044 1821 1252 1901 μεταφέρων.
1306 1820 1340 1879 τί
1369 1817 1477 1881 ούν18

139 1913 297 1978 ύκωλύει
317 1918 374 1979 καί
396 1919 475 2001 περὶ
496 1925 564 1978 τῶν
588 1919 784 2002 ἀνθρώπιον
801 1911 902 1980 αὐτόν
919 1920 1026 1992 οὕτως
1042 1922 1227 2002 εἰρηκέναι,·
1249 1921 1343 1993 ὅστις
1366 1920 1427 2000 γάρ

178 2019 255 2102 περὶ
277 2016 370 2080 θεῶν
393 2019 431 2079 ού
448 2027 603 2103 φανερῶς
618 2016 751 2106 τάληθῆ
770 2037 883 2104 φησιν,
908 2017 992 2081 ἀλλά
1008 2021 1202 2081 τούναντίον
1219 2021 1325 2095 οὕτως
1342 2022 1428 2082 ὥστε

178 2121 216 2181 τά
245 2117 355 2206 ψεοόῆ
384 2117 512 2200 μᾶλλον
539 2120 792 2203 ὑπολαμβάνειν
819 2124 898 2196 τούς
933 2120 1203 2203 ἐντυγχάνοντας,
1239 2123 1296 2183 καί
1323 2129 1428 2183 ταῦτα

177 2218 280 2306 μηδὲν
303 2219 553 2307 ὠφελούμενος,
582 2232 657 2299 πῶς
679 2225 720 2284 ἀν
744 2225 824 2307 περί
843 2244 880 2304 γε
904 2225 1100 2307 ἀνθρώπων
1124 2225 1292 2307 ὀκνήσειεν
1317 2225 1428 2285 ότιούν

178 2321 305 2405 ψεῦόος
327 2325 455 2400 εἰπεῖν,·
482 2327 539 2387 καί
567 2328 620 2387 ότι
641 2329 702 2406 μὲν
726 2327 912 2410 πεποίηκεν
935 2323 1118 2406 ἀλγοῦντας
1145 2327 1224 2399 τούς
1247 2326 1352 2400 θεούς
1374 2329 1429 2388 καί

139 2429 355 2500 οστένοντας
376 2429 432 2489 καί
452 2433 741 2512 τιτρωσκομένους
769 2429 825 2489 καὶ
854 2426 1138 2511 ἀποθνῄσκοντας
1162 2424 1295 2506 σχεόόν,
1319 2430 1370 2489 ἔτι
1394 2426 1428 2490 όὲ

114 2529 330 2607 ύθῐιμοιχείας
344 2531 400 2592 καί
423 2527 529 2610 όεσμά
552 2533 608 2593 καί
631 2528 837 2614 όιεγγυήσεις
852 2531 953 2606 θεῶν,
979 2530 1016 2590 ού
1041 2526 1134 2610 λέγω,
1159 2532 1323 2613 πρότερον
1340 2532 1428 2614 εἰρη-

178 2634 260 2710 μένα
284 2628 435 2706 πολλοῖς.
482 2629 557 2693 οὐδὲ
580 2634 641 2717 γάρ
665 2630 832 2712 βούλομαι
860 2636 1055 2715 κατηγορεῖν
1075 2622 1233 2714 Ὀμήρου,
1262 2635 1365 2710 μόνον
1393 2629 1427 2693 όὲ

179 2729 349 2809 ίπιόεῖξαι
376 2731 526 2818 τάληθὲς
557 2737 602 2809 ὡς
630 2740 778 2817 γέγονεν·
809 2735 887 2795 ἐπεί
912 2753 967 2794 τοι
988 2734 1044 2794 καί
1067 2728 1327 2816 ἀπολογήσομαι
1350 2736 1429 2817 περὶ

180 2825 284 2896 αι’τοῖ
310 2835 351 2896 τά
380 2837 456 2915 ἐμοὶ
486 2834 655 2898 ἀσκοῦντα.
701 2840 754 2898 ότι
784 2833 819 2897 όὲ
848 2838 886 2896 τό
916 2832 1044 2916 ψεῦόος
1074 2825 1132 2894 οὐκ
1162 2835 1259 2895 ὤκνει
1288 2837 1425 2896 πάντων
1442 2837 1480 2898 19

139 2933 327 3016 ύμάλιστα
352 2925 428 2998 οάόὲ
453 2939 591 3020 αἰσχρόν
614 2933 762 3017 ἐνόμιζε,
791 2945 890 2998 τοῦτο
915 2934 1014 3018 λέγω·
1044 2939 1188 3019 πότερον
1211 2933 1246 2996 όὲ
1271 2937 1428 3021 όρθῶςή

179 3041 221 3124 μή
247 3039 396 3124 παρίημι
418 3046 474 3100 νῦν
499 3045 647 3101 σκοπεῖν.
693 3041 793 3124 ἀφείς
817 3039 873 3100 οὖν
896 3043 959 3101 όσα
984 3036 1079 3100 όοκεῖ
1097 3034 1190 3099 όεινά
1207 3043 1432 3123 πεποιηκέναι

181 3141 259 3225 περί
289 3140 382 3202 θεῶν
403 3143 460 3203 καί
484 3133 521 3202 οὐ
546 3146 722 3227 πρέποντα
753 3143 909 3217 ἐκείνοις,
939 3144 1082 3202 τοσοῦτό
1113 3162 1202 3224 φημι
1229 3143 1349 3220 μόνον,
1379 3143 1432 3202 ότι

182 3238 299 3324 λόγους
326 3231 385 3303 οὐκ
408 3244 506 3304 ὤκνει
527 3250 594 3305 τῶν
616 3244 710 3305 θεῶν
734 3241 973 3324 ἀπαγγέλλειν,
1005 3244 1062 3317 ούς
1086 3259 1191 3327 φησιν
1215 3234 1336 3316 αὐτούς
1360 3238 1432 3303 όια-

182 3341 345 3428 λέγεσθαι
368 3345 454 3429 πρός
478 3347 609 3421 αὐτούς,
632 3347 688 3407 καί
711 3337 748 3406 οὗ
773 3343 877 3424 μόνον
899 3364 935 3427 γε
958 3346 1036 3418 τοός
1059 3347 1093 3405 ἐν
1116 3342 1218 3426 κοινῴ
1235 3348 1433 3425 γενομένους

137 3449 233 3510 όοκαί
256 3444 581 3532 παρατυγχανόντων
605 3448 765 3508 ἁπάντων
788 3454 854 3508 τῶν
877 3448 980 3523 θεῶν,
1004 3443 1088 3506 ἀλλά
1110 3448 1166 3508 καί
1183 3448 1240 3520 οός
1256 3444 1328 3528 ἰόίηι
1343 3448 1432 3520 τινὲς

180 3545 393 3631 όιαλέγονται
415 3546 590 3634 ἀλλήλοις,
618 3548 690 3609 οἷον
715 3550 733 3608 ό
756 3549 840 3621 Ζεύς
863 3548 1103 3627 τεθυμωμένος
1125 3556 1166 3632 τῇ
1179 3540 1268 3632 Ἥρᾳ
1293 3544 1348 3608 όιά
1372 3550 1431 3632 τήν
1443 3549 1483 3608 20

179 3652 314 3735 ἀπάτην
343 3653 399 3713 καί
421 3653 480 3736 τήν
501 3651 604 3735 ήτταν
626 3657 693 3712 τῶν
719 3651 859 3733 Τρώων,
888 3652 944 3712 καί
966 3646 1133 3734 πρότερον
1149 3642 1239 3732 Ἥρα
1263 3650 1350 3731 πρός
1373 3652 1432 3733 τήν

176 3740 397 3838 Ἀφροδίτην,
432 3749 675 3837 παρακαλοῦσα
707 3748 884 3836 φαρμάξαι
911 3752 969 3811 τόν
1000 3756 1131 3836 πατέρα
1160 3753 1216 3812 καί
1248 3748 1364 3812 όοῦναι
1393 3753 1431 3811 τό

181 3851 323 3939 φίλτρον
345 3846 446 3939 αι’τῇ,
476 3857 534 3915 τόν
556 3857 674 3915 κεστόν
699 3855 837 3933 ἱμάντα,
868 3855 914 3926 ὡς
937 3851 1041 3930 εἰκάς,
1069 3855 1104 3915 ἐν
1127 3853 1308 3936 ἀπορρήτῳ
1332 3859 1431 3912 τοῦτο

267 4059 282 4110 3
301 4047 410 4127 τάληθῆ
428 4053 540 4112 όέΠΒΤ
611 4053 750 4126 λέγοντοσ
769 4047 803 4111 ού
821 4055 1063 4124 προστεθείκασιν
1080 4047 1183 4123 ήΠΒΤ
1253 4055 1268 4104 9
1286 4046 1321 4106 τὸ
1341 4055 1433 4106 τοιοῦ-

179 4139 274 4197 τονΤ
350 4144 381 4194 10
399 4137 550 4196 ἐπαινεῖΤ
629 4143 658 4192 14
675 4144 765 4196 ταῦτα
785 4135 921 4208 ἕλεγενί
1011 4141 1038 4190 15
1057 4140 1122 4209 περὶ
1140 4135 1235 4191 om.U
1322 4138 1353 4190 21
1373 4138 1432 4191 όεσ-

181 4220 298 4294 μοὺσΒ
368 4228 400 4279 22
418 4216 447 4280 δ’
465 4221 640 4290 ἐπιόεῖξαιΒ
722 4227 752 4275 23
772 4217 811 4288 ὡς
830 4217 863 4279 ού
881 4221 1041 4293 γέγονενῐ]
1121 4217 1193 4290 ὑπὲρ
1211 4212 1300 4276 αὐτοῦ
1318 4219 1365 4273 BT

183 4313 215 4364 25
234 4309 326 4382 λέγων
343 4309 413 4376 libri,
432 4324 501 4365 corr.
523 4308 622 4363 Reiske
674 4298 821 4381 πρότερον
839 4306 868 4363 δὲ
886 4306 909 4361 U
963 4310 995 4359 26
1013 4301 1089 4362 όεινά
1109 4309 1190 4362 δοκεῖ
1200 4305 1262 4370 (hoc
1281 4304 1388 4369 ord.)U

183 4399 214 4449 27
234 4393 347 4452 ἐκείνωι
364 4394 434 4460 libri,
453 4410 524 4449 corr.
544 4393 644 4448 Reiske
697 4397 728 4446 28
748 4385 838 4450 αύτὸσ
856 4392 881 4446 V
951 4395 982 4444 '29
1000 4392 1048 4446 καί
1067 4383 1100 4446 ού
1117 4386 1212 4459 μόνον
1227 4410 1260 4462 γε
1278 4405 1330 4445 om.
1352 4388 1398 4444 UT

181 4498 215 4551 γε
233 4479 328 4536 οισ.Β
414 4477 627 4551 γινομένουσΤ
