3068 5160
564 304 852 362 PROLEGOMENA.
1297 307 1337 360 IX

78 478 109 543 d'
143 484 242 544 αὐτὸν
274 485 307 543 οἱ
338 479 431 562 λόγον
459 480 501 564 τῇ
528 501 591 541 νοτ
616 472 730 542 ἀὐτὸν
753 477 849 561 γενεᾷ
882 476 1068 542 δεδώκασιν
1099 476 1333 559 ἐπονομάζειν.

78 581 200 660 Quodsi
222 583 257 647 in
272 581 512 663 Prolegomenis
533 581 651 646 nostris
672 580 754 645 haee
776 577 876 644 verba
891 579 938 644 ita
952 581 1177 644 immutantur:
1200 584 1334 666 Χροοό-

79 706 204 766 οτομον
235 685 270 748 δὲ
301 688 400 748 αὐτὸν
428 691 447 768 ἠ
476 679 546 746 κατ’
578 688 684 746 ἐκεῖνο
707 685 802 765 γενεὰ
825 686 884 768 τὴν
907 681 1084 768 ἐπίκλησιν
1107 680 1333 768 ansprando,

78 808 159 852 sana
180 788 261 852 haee
284 786 413 871 quidem
436 806 501 850 non
524 790 612 867 sunt,
635 803 695 849 neo
717 788 826 848 tamen
848 802 925 848 oasu
946 782 1066 848 fautum
1090 803 1176 867 esse,
1206 789 1242 849 ut
1264 805 1334 849 ora-

77 891 199 954 tionum
221 890 341 954 mentio
364 889 564 954 omitteretur
586 886 756 971 apparebit
779 885 979 968 eomparanti
1000 885 1068 968 tibi,
1092 907 1176 970 quae
1191 888 1225 951 in
1240 889 1335 954 tertia

76 999 168 1076 parte
197 990 237 1058 de
267 995 478 1074 cognomento
508 988 687 1054 edocemur.
732 987 782 1053 Ibi
813 988 896 1053 enim
922 987 1020 1071 plane
1042 988 1109 1052 alia
1131 991 1335 1071 cognomenti

75 1095 158 1160 ratio
186 1093 354 1179 profertur.
400 1093 540 1157 Tertia
567 1111 660 1175 pars
689 1092 789 1155 vitam
811 1090 926 1155 Dionis
953 1090 1108 1173 eontinet,
1142 1111 1207 1174 qua
1228 1093 1335 1158 Dioa

75 1196 205 1261 Nerone
228 1196 262 1259 in
286 1195 420 1260 exilium
444 1199 544 1276 aotus,
568 1214 588 1258 a
610 1193 812 1277 Vespasiano
834 1197 1003 1258 revooatus
1026 1191 1234 1276 eiusdemque
1257 1194 1335 1258 ami-

75 1299 154 1364 oitia
182 1317 259 1363 usus
288 1317 359 1363 esse
381 1295 576 1381 perhibetur.
621 1295 805 1377 Sequuntur
831 1313 915 1377 quae
937 1295 1002 1359 iam
1025 1296 1271 1360 commemoravi
1294 1295 1334 1361 de

76 1400 265 1482 eognomine
289 1399 505 1482 Chrysostomi
535 1404 566 1463 et
587 1417 693 1482 pauoa
716 1396 756 1463 de
778 1396 940 1463 seribendi
962 1416 1095 1481 genere,
1123 1398 1333 1465 aPhotianis

76 1503 231 1567 distantia
259 1502 380 1583 verbio,
410 1520 446 1567 re
475 1520 625 1583 oongrua.
650 1502 828 1584 -Itaque
857 1500 917 1564 hoo
947 1505 1068 1565 eertum
1096 1500 1175 1565 mihi
1197 1499 1332 1583 videtur,

76 1613 140 1670 tres
161 1605 236 1668 illas
257 1608 366 1687 partes
389 1621 460 1666 oum
484 1604 643 1667 eommuni
665 1602 806 1687 quodam
828 1603 957 1667 vinoulo
979 1603 1064 1668 inter
1086 1622 1121 1668 se
1143 1603 1333 1669 ooniunotae

75 1707 148 1788 sint,
165 1705 332 1771 sententiis
348 1703 500 1770 videlieet
516 1704 555 1770 de
570 1710 677 1770 aetate
688 1705 813 1787 Dionis,
831 1704 871 1769 de
887 1704 1117 1770 consuetudine
1129 1703 1332 1789 Verpasiani,

74 1807 114 1873 de
142 1808 271 1872 nomine
303 1801 585 1894 „Ghr·ysostomi“,
622 1808 650 1872 si
679 1827 742 1871 non
771 1807 813 1872 ab
841 1808 911 1891 ipso
940 1805 1063 1871 Aretho
1091 1807 1230 1890 scriptae
1259 1813 1334 1872 sunt

73 1929 192 1991 omnes,
216 1914 301 1974 oerte
324 1929 366 1974 ex
389 1910 458 1974 eius
481 1906 627 1972 doetrina
650 1908 806 1989 originem
826 1908 956 1974 habere.
994 1906 1134 1973 Soholae
1150 1909 1235 1972 enim
1251 1909 1332 1975 haee

72 2013 301 2096 prolegomena
324 2011 486 2076 destinata
507 2010 607 2075 fuisse
629 2030 701 2075 oum
723 2030 781 2094 per
803 2029 838 2074 se
860 2010 1028 2093 probabile
1050 2016 1099 2075 est
1122 2015 1189 2075 tum
1207 2032 1244 2077 eo
1260 2032 1333 2077 oon-

73 2113 216 2179 firmatur
238 2112 324 2197 quod
345 2113 504 2198 praefatio
527 2112 707 2176 orationum
733 2110 795 2198 „de
817 2106 941 2193 regno“
968 2118 1000 2177 et
1017 2112 1165 2196 pluribus
1179 2114 1286 2179 verbIs
1302 2120 1333 2179 et

72 2216 163 2281 brevi
186 2213 376 2299 oompendio
399 2213 569 2279 exhibetur
591 2214 665 2290 (τοῦ
686 2208 1032 2300 εὖνταροκολοοθήτοο
1055 2217 1171 2294 ἕνεκα).
1212 2213 1333 2293 Quodsi

71 2319 168 2382 tertia
190 2337 267 2400 pars
288 2318 360 2400 ipsa
383 2335 511 2399 quoque
525 2315 668 2380 Arethae
691 2314 833 2397 debetur,
856 2315 980 2380 seholia
1001 2314 1044 2379 ad
1060 2315 1197 2381 eundem
1211 2316 1332 2382 fontem

71 2419 177 2484 redire
200 2424 321 2484 eertum
337 2424 394 2501 est,
414 2437 498 2501 quae
514 2418 587 2500 ipsa
602 2435 730 2500 quoque
746 2416 906 2481 orationes
926 2416 980 2503 tde
995 2413 1108 2500 regno'
1132 2424 1166 2482 ἐν
1179 2413 1332 2498 Ἀλεξαν-

73 2522 168 2607 δρείᾳ
191 2524 232 2607 τῇ
254 2520 392 2604 Nalote
416 2517 459 2584 ad
481 2518 719 2602 Vespasianum
742 2518 871 2583 habitas
893 2537 964 2584 esse
987 2517 1192 2585 oontendunt.
1233 2521 1333 2586 Plura

71 2622 207 2688 fortasse
229 2629 261 2688 et
284 2623 420 2687 oertiora
435 2621 547 2704 Sonny
571 2618 714 2684 eiusdem
734 2621 913 2686 sententIae
929 2628 1119 2704 argumenta
1134 2624 1331 2707 inpromptu

70 2723 177 2789 hahet.
221 2725 291 2789 Iam
314 2725 341 2790 si
364 2724 445 2789 haee
468 2722 677 2807 probabiliter
698 2723 854 2806 suspitati
876 2743 994 2805 sumus,
1018 2723 1059 2789 ab
1083 2722 1194 2789 eodem
1210 2724 1332 2789 Aretha

69 2826 221 2906 proolivis
250 2833 298 2891 est
326 2827 511 2909 oonjeotura
538 2823 803 2907 interpolationes
831 2824 991 2908 profeotas
1015 2844 1101 2907 esse,
1132 2825 1248 2907 quihus
1270 2825 1331 2891 hoe

69 2926 221 2990 librorum
245 2947 345 3010 genus
368 2926 579 3010 depravatum
603 2931 661 2990 est.

156 3026 220 3092 Sed
242 3029 430 3111 priusquam
453 3027 493 3093 de
515 3026 566 3093 his
588 3027 891 3110 interpolationibus
914 3047 1058 3110 agamus,
1085 3029 1169 3094 alius
1191 3030 1273 3096 liber
1295 3033 1329 3096 in

68 3148 221 3193 soaenam
242 3128 377 3212 prodeat
396 3129 564 3195 Urbinatis
589 3133 649 3193 124
673 3128 786 3212 frater;
809 3130 990 3194 Parisinum
1014 3128 1086 3194 dieo
1108 3151 1139 3195 n.
1156 3136 1249 3216 2958,
1274 3135 1330 3217 qui
1352 3133 1379 3197 B

68 3230 166 3312 vulgo
183 3230 208 3293 B
225 3229 324 3304 audit.
358 3231 468 3314 Ipsum
483 3231 600 3297 librum
616 3250 720 3314 neque
736 3231 856 3295 eontuli
872 3251 976 3314 neque
991 3231 1068 3315 vidi,
1085 3232 1142 3297 sed
1158 3234 1328 3319 Emperius

66 3339 133 3395 tam
155 3331 242 3397 hona
264 3332 437 3397 oollatione
460 3352 536 3398 usus
559 3339 617 3413 est,
640 3337 675 3394 ut
696 3331 813 3397 librum
836 3352 876 3396 ex
899 3332 987 3398 illius
1003 3333 1143 3400 editione
1158 3338 1238 3403 satis
1254 3358 1325 3421 eog-

67 3436 169 3499 nitum
202 3434 391 3500 habeamus.
446 3433 505 3499 Est
534 3433 724 3498 ohartaoeus
753 3453 838 3498 eaeo.
867 3434 962 3515 XIV,
996 3437 1137 3501 eontinet
1165 3441 1326 3506 orationes

66 3537 230 3619 octoginta
252 3535 365 3601 ordine
388 3535 533 3617 vulgari,
560 3534 625 3599 nisi
647 3533 733 3617 quod
755 3554 799 3599 or.
822 3535 970 3600 XXVIII
992 3542 1024 3601 et
1046 3537 1163 3602 XXIX
1185 3541 1270 3605 inter
1291 3562 1326 3606 se

64 3639 245 3723 transponit
270 3645 305 3702 ut
328 3638 620 3702 hIeermannianus.
667 3635 769 3714 Quem
791 3637 910 3702 iustum
933 3645 964 3704 et
987 3639 1156 3722 pristinum
1180 3640 1325 3707 ordinem

64 3760 134 3806 esse
156 3747 270 3825 postea
289 3740 438 3806 eluoebIt.
470 3739 578 3805 Habet
592 3739 851 3823 prolegomenon‚
876 3739 915 3805 de
931 3740 1047 3824 quihus
1063 3740 1156 3806 modo
1173 3740 1323 3826 diximus,

63 3844 167 3908 solam
194 3848 320 3927 partem
348 3843 490 3906 tertiam:
526 3846 606 3927 περὶ
627 3846 761 3918 Δίωνος
789 3837 858 3904 κον)
891 3852 957 3906 τῶν
979 3848 1037 3906 κοί
1059 3839 1160 3908 αὐτὸν
1183 3849 1238 3909 καὶ
1264 3857 1323 3932 τῆς

64 3956 126 4008 τοῦ
156 3945 253 4028 λόγου
282 3939 386 4008 αὐτοῦ
408 3944 510 4021 ἰδέας.
556 3945 595 4008 In
616 3942 679 4008 fine
702 3942 822 4010 oodioIs
846 3944 908 4009 duo
931 3947 1134 4030 reperiuntur
1155 3947 1322 4012 versieuli:

67 4055 180 4133 Τέρμα
196 4052 330 4123 Δίωνος
347 4046 549 4133 ὀγδοήκοντα
568 4046 683 4129 λόγων,
700 4052 757 4123 οὓς
773 4045 933 4134 Μάζορις
948 4053 1104 4134 ἔγραψεν,
1120 4059 1321 4134 κροτοῦντος

61 4150 157 4233 λόγῳ.
204 4149 298 4214 Hune
318 4149 464 4212 llanarin
493 4147 629 4214 eundem
658 4168 743 4231 esse,
774 4150 865 4215 ouius
887 4149 1042 4216 hahemus
1061 4146 1262 4236 Ἑπιὸημίον
1285 4156 1320 4215 ἐν

51 4247 183 4330 Ἅιδου)
197 4251 336 4316 Luoiani
350 4251 605 4332 Necyomantiae
620 4251 833 4316 imitationem
848 4252 1066 4336 byzantinam
1083 4251 1202 4318 Hasius
1218 4254 1320 4336 suspi-

59 4359 151 4419 oatus
175 4360 223 4418 est
246 4352 285 4418 of.
308 4353 401 4436 Emp.
423 4352 523 4436 praef.
548 4357 633 4430 §27.
667 4352 742 4418 Fuit
764 4361 902 4420 exeunte
924 4373 1009 4419 saeo.
1032 4354 1112 4420 XIV
1135 4361 1167 4420 et
1188 4355 1320 4420 ineunte

57 4455 138 4538 XV;
161 4455 201 4520 of.
217 4455 441 4521 Krumbaoher
462 4455 548 4533 (hist.
571 4455 654 4519 liter.
677 4454 748 4540 byn.
772 4477 801 4539 p.
819 4461 903 4532 210).
942 4456 1092 4522 Codioem
1108 4457 1134 4522 B
1149 4458 1319 4542 Emporius
