3068 5160
596 344 732 401 ORATIO
750 345 850 400 XXXI.
1286 347 1347 405 253

92 524 149 583 καὶ
171 512 254 604 παρ’
280 526 408 605 ἑτέροις
432 518 516 585 ἰδεῖν
532 522 606 583 ἔστι
621 528 720 582 τοῦτο
743 523 952 601 γιγνόμενον·
976 519 1081 583 πάλιν
1101 519 1137 584 δέ
1154 526 1279 606 ἐτέρου,
1303 525 1349 597 ὡς

91 626 148 685 καὶ
170 611 253 706 παρ’
277 614 477 707 Ἀθηναίοις
499 621 611 684 πολλὰ
634 626 822 708 πράττεται
843 630 916 699 νύν,
941 623 992 697 οἷς
1015 625 1073 684 οὐκ
1095 625 1285 700 ἀπεικότως
1308 627 1349 686 ἀν

92 746 144 799 τις
167 721 396 809 ἐπιπλήξειεν,
422 725 459 785 οὐ
483 727 563 809 περὶ
584 725 626 786 τά
650 722 735 786 ἀλλα
750 727 864 804 μόνον,
888 721 972 784 ἀλλά
990 726 1047 786 καὶ
1062 727 1142 808 περὶ
1155 726 1216 800 τάς
1231 730 1347 807 τιμάς·

94 827 131 887 οἵ
156 845 191 907 γε
221 828 280 887 τόν
312 823 404 888 δεῖνα
435 829 496 905 μέν
521 819 706 907 Ὀλύμπιον
734 822 930 910 κεκλήκασιν
961 823 1037 887 οὐδέ
1068 829 1170 910 φύσει
1206 826 1350 913 πολίτην

55 941 69 988 5
92 933 230 1004 ἑαυτῶν,
256 930 398 990 Φοίνικα
423 925 459 988 δέ
482 929 671 1012 ἄνθρωπον
695 930 753 989 οὐκ
775 928 845 989 ἀπό
871 929 980 1011 Τύρου
1003 929 1060 989 καὶ
1080 925 1246 1005 Σιδῶνος,
1271 923 1346 991 ἀλλ’

92 1032 162 1092 ἀπό
184 1033 298 1114 κώμης
319 1033 412 1105 τινός
433 1031 453 1114 ἢ
477 1039 536 1115 τῆς
559 1032 712 1115 ήπείρου,
735 1031 791 1090 καὶ
812 1036 918 1090 ταῦτα
934 1031 1159 1108 πιττούμενον
1174 1032 1253 1105 τούς
1268 1032 1361 1114 βραἸ

88 1133 206 1210 χίονας
226 1134 283 1194 καί
305 1129 520 1217 περιδήματα
549 1141 736 1217 φοροῦντα·
765 1133 823 1193 τόν
853 1128 946 1192 δεῖνα
975 1127 1010 1191 δέ
1040 1133 1098 1192 τόν
1128 1133 1242 1218 εὐχερῆ
1273 1130 1348 1195 λίαν

92 1236 253 1318 ποιητήν,
282 1234 319 1309 ὃς
340 1237 397 1297 καὶ
420 1226 506 1319 παρ’
530 1237 609 1314 ὑμῖν
632 1245 717 1295 ποτε
739 1227 914 1316 [κάνθάδε]
938 1229 1154 1311 ἐπεδείξατο,
1184 1236 1222 1295 οὐ
1244 1238 1348 1314 μόνον

87 1334 231 1414 χαλκοῦν
253 1339 443 1413 ἑστάκασιν,
467 1333 552 1396 ἀλλά
574 1339 631 1398 καί
646 1337 739 1419 παρά
755 1332 965 1419 Μένανδρον.
1004 1332 1111 1417 λέγειν
1127 1333 1163 1396 δέ
1179 1337 1348 1398 εἰώθασιν

41 1449 69 1500 10
91 1440 125 1499 οἱ
148 1435 365 1521 διασύροντες
387 1441 446 1523 τήν
468 1435 571 1499 πόλιν
592 1439 649 1499 καὶ
670 1439 709 1498 τό
726 1438 923 1521 ἐπίγραμμα
938 1439 976 1498 τό
1001 1439 1061 1498 ἐπί
1083 1445 1142 1522 τῆς
1156 1439 1347 1522 Νικάνορος

90 1542 228 1616 εἰκόνος,
252 1540 290 1613 ὃς
312 1541 506 1614 αὐτοῖςκαὶ
528 1541 587 1624 τήν
609 1536 784 1617 Σαλαμῖνα
808 1541 990 1623 ἐωνήσατο.
1089 1540 1152 1619 ἐγὼ
1177 1531 1210 1599 δ’
1236 1542 1267 1601 εί
1288 1545 1349 1619 μέν
1376 1543 1434 1603 117
1507 1536 1509 1541 ’

90 1664 142 1716 τις
164 1644 183 1726 ή
207 1648 280 1716 τοῖς
299 1634 500 1726 Ἀθηναίοις
522 1643 690 1720 ἐπιτιμῶν
714 1637 802 1721 λέγει
823 1647 945 1718 ταῦτα,
973 1642 1030 1702 καὶ
1058 1637 1187 1715 δεικνύς
1215 1642 1272 1702 οὐκ
1296 1643 1346 1703 όν-

89 1765 150 1817 τας
179 1741 295 1820 ἀξίους
322 1745 402 1818 τούς
430 1746 643 1817 ἐνοικούντας
671 1751 731 1827 τῆς
759 1739 893 1816 πόλεως
923 1741 999 1804 οὐδέ
1022 1751 1081 1828 τῆς
1105 1739 1220 1826 δόξης,
1250 1745 1290 1827 ἣν
1314 1747 1348 1805 οἱ

90 1850 256 1930 πρότερον
278 1849 452 1927 γενόμενοι
473 1842 673 1920 κατέλιπον,
700 1846 719 1928 ἢ
749 1841 901 1904 καθόλου
930 1847 989 1928 τήν
1008 1836 1147 1907 Ἑλλάδα
1174 1843 1276 1907 ἐλεῶν
1298 1848 1348 1920 είς

40 1959 68 2008 11
90 1948 109 2010 ό
132 1953 320 2023 πέπτωκεν,
343 1950 423 2008 όταν
445 1954 586 2007 τοιαῦτα
610 1949 807 2028 πράττωσιν
831 1948 865 2007 ol
883 1949 1004 2030 χρόνον
1019 1947 1094 2008 τινά
1112 1943 1269 2022 δόξαντες
1292 1950 1348 2008 αύ-

89 2059 149 2135 τής
172 2053 398 2133 προεστάναι,
422 2045 533 2122 καλῶς
557 2049 657 2109 αὐτόν
679 2053 826 2132 ήγούμαι
849 2044 971 2128 λέγειν·
995 2049 1025 2110 εί
1050 2038 1081 2109 δ’
1107 2051 1161 2109 ότι
1183 2051 1348 2133 προσήκει

89 2144 171 2234 μηδ)
197 2154 281 2231 ύμάς
303 2148 407 2235 μηδὲν
422 2154 507 2231 μέγα
532 2153 670 2234 φρονεῖν
692 2141 773 2234 μηδ’
799 2151 934 2216 ἐκείνων
949 2154 1110 2233 κρεῖττον,
1134 2150 1192 2210 οὐκ
1208 2150 1271 2228 ἐχω
1287 2153 1347 2235 τήν

90 2250 281 2338 ὑπερβολήν
308 2261 367 2338 τῆς
395 2253 627 2335 ἀναισθησίας
657 2253 768 2313 εἰπεῖν
797 2259 859 2312 τού
885 2259 990 2312 ταῦτα
1015 2234 1178 2333 λύγοντος.
1225 2254 1263 2313 οὐ
1285 2254 1347 2337 γάρ
1368 2254 1427 2317 118

91 2354 129 2415 όν
151 2357 280 2435 τρόπον
302 2356 344 2416 τά
366 2351 477 2428 καλῶς
500 2345 585 2438 παρ’
611 2357 740 2437 ἑτέροις
761 2349 940 2434 γιγνόμενα
964 2353 1071 2415 πᾶσιν
1093 2354 1179 2428 έθος
1200 2355 1273 2416 ἐστὶ
1296 2351 1346 2416 λέ-

40 2466 68 2515 10
89 2477 159 2538 γειν
183 2451 280 2541 ζήλου
303 2458 360 2519 καί
382 2464 581 2541 προτροπῆς
599 2458 718 2531 ένεκεν,
742 2456 869 2534 ὁμοίως
883 2456 944 2517 κάν
961 2452 1090 2540 φαῦλόν
1106 2477 1140 2517 τι
1155 2459 1347 2540 πράττηται

91 2551 176 2641 παρ’
201 2556 335 2636 ἀλλοις,
360 2556 417 2621 δεῖ
433 2566 531 2619 τοῦτο
555 2559 792 2642 μνημονεύειν,
817 2557 904 2618 ὥστε
926 2558 1129 2637 μιμεῖσθαι,
1152 2559 1347 2620 τούναντίον

91 2657 126 2721 δέ
149 2662 234 2744 ὐπέρ
259 2669 320 2722 τοῦ
342 2657 566 2746 φυλάξασθαι
586 2662 643 2722 καὶ
663 2663 708 2744 μή
734 2655 855 2720 λαθεῖν
878 2657 927 2733 εἴς
949 2681 983 2721 τι
1005 2666 1159 2721 τοιοῦτον
1182 2661 1346 2738 ἐμπεσόν-

88 2783 158 2836 τας.
203 2765 343 2847 καὶγὰρ
367 2767 398 2825 εί
419 2765 480 2842 μέν
503 2765 653 2823 ἐπαινῶν
676 2782 729 2834 τις
751 2762 897 2835 ἐκείνους
919 2768 1024 2822 ταῦτα
1053 2758 1143 2841 ἔλεγε
1165 2763 1222 2823 καὶ
1242 2759 1347 2845 μηδέν

86 2865 240 2941 χείρονος
263 2861 363 2948 δόξης
386 2866 591 2949 ἀποφαίνων
614 2865 913 2943 ἐπιτυγχάνοντας,
942 2860 982 2947 ἦν
1009 2865 1070 2942 μὲν
1101 2864 1141 2924 ἀν
1171 2860 1346 2947 δήπουθεν

39 2973 66 3022 15
89 2957 226 3048 εὐήθης,
249 2962 377 3044 μάλλον
394 2962 429 3026 δέ
450 2963 606 3050 ἀναιδής·
631 2962 718 3050 πλήν
740 2968 824 3025 κατά
840 2985 876 3046 γε
898 2966 958 3050 τήν
974 2970 1097 3026 ἐαυτοῦ
1109 2966 1243 3050 γνώμην
1259 2985 1346 3049 παρ-

90 3069 158 3142 εῖχέ
187 3086 262 3126 τινα
292 3069 450 3151 ἀφορμήν
480 3072 553 3140 τοῖς
580 3068 785 3149 ἁμαρτάνειν
813 3065 1042 3146 βουλομένοις.
1088 3069 1119 3128 εί
1142 3059 1175 3128 δ’
1202 3070 1248 3143 ὡς
1271 3071 1344 3130 αίσ-

87 3167 151 3248 χρά
174 3169 230 3228 καὶ
254 3166 364 3252 ὀνείδη
389 3172 515 3242 πάντες
539 3159 623 3229 αὐτὰ
647 3173 863 3252 προφέρουσι
883 3171 940 3231 καὶ
963 3161 1081 3243 οὐθείς
1103 3170 1144 3231 ἀν
1160 3169 1256 3232 εἴποι
1277 3178 1345 3232 τῶν

10 3279 75 3330 1317)
90 3264 363 3348 ἐγκωμιαζόντων
391 3273 450 3356 τήν
480 3267 582 3332 πόλιν
610 3277 765 3331 τοιοῦτον
790 3261 902 3346 οὐδέν,
932 3262 1007 3331 ἀλλ’
1033 3273 1111 3355 ἤτοι
1132 3269 1344 3358 βλασφημῶν

88 3391 141 3443 τις
162 3371 182 3454 ή
205 3372 469 3452 καθαπτόμενος
485 3369 596 3446 άλλως
617 3373 673 3433 καὶ
695 3368 924 3456 ἐπιπλήττων,
948 3371 1123 3448 παντελῶς
1139 3367 1267 3459 εὐήθης
1288 3372 1344 3457 <ό>

36 3467 145 3532 3οδιά
168 3479 234 3533 τῶν
257 3477 421 3536 τοιούτων
443 3473 529 3554 ὐμάς
552 3478 760 3558 προτρέπειν
784 3471 890 3535 δοκῶν
914 3474 1000 3535 ὥστε
1016 3472 1152 3554 ἀμελεῖν
1170 3483 1237 3537 τῶν
1254 3469 1340 3559 παρ’

89 3575 214 3647 αὐτοῖς.
256 3576 417 3659 καθάπερ
441 3575 476 3638 εἴ
494 3598 546 3650 τις
569 3573 722 3661 ἀθλητήν
746 3576 882 3674 πείθῡων
905 3576 1068 3637 ἀπειπεῖν
1090 3579 1146 3638 καί
1169 3578 1346 3660 προέσθαι
1365 3584 1424 3645 119

87 3677 144 3736 τόν
169 3681 337 3761 στέφανον
367 3679 525 3763 ἀργυρίου
550 3675 642 3760 λέγοι
664 3680 752 3761 πρός
775 3669 892 3753 αὐτόν,
926 3675 995 3756 Οὐχ
1025 3677 1107 3761 δρᾷς
1135 3680 1261 3740 ἐκεῖνον
1285 3682 1343 3741 τόν

88 3782 380 3864 παραχωρήσαντα
411 3781 478 3863 πρδ
510 3787 572 3841 σού
593 3782 880 3862 μαστιγούμενον,·
913 3780 932 3864 ἢ
964 3782 1001 3864 νή
1032 3781 1101 3841 Δία
1135 3779 1170 3842 εἴ
1195 3802 1248 3855 τις
1276 3789 1343 3843 τῶν

174 4077 286 4151 1παρὰ
304 4083 335 4135 Μ
438 4074 526 4138 θούκ
544 4078 668 4139 ελκότωσ
686 4082 716 4136 Μ
820 4082 921 4138 61011.
945 4080 979 4139 ἐκ
1001 4086 1051 4152 τῆς
1071 4076 1206 4155 ἠπείρου,
1230 4080 1248 4155 ἢ
1271 4085 1343 4140 delet

86 4163 193 4220 Reiske.
227 4163 246 4237 ἢ
267 4171 421 4238 λῃστηρίου
438 4167 582 4236 Emporias
606 4166 733 4221 dubitans
818 4168 847 4221 in
868 4169 1034 4241 βραχίονασ
1056 4168 1289 4241 ΗΜεεεε-αχι-ιε
1306 4186 1342 4225 m.

85 4250 185 4305 sec.U
284 4251 397 4308 Ἱλείαν
414 4252 443 4304 Μ
530 4244 690 4310 ὃκάνθάόε
712 4253 811 4306 seclusi
897 4257 983 4310 9καὶ
1001 4270 1053 4310 om.
1072 4255 1129 4309 ΠΜ
1217 4261 1247 4312 11
1264 4254 1343 4312 ἐωνί-

86 4353 158 4391 σατο
177 4335 207 4388 Μ
304 4340 335 4390 13
355 4335 382 4392 οἳ
400 4333 540 4408 πρότεροι
557 4337 580 4390 Β
669 4341 701 4390 14
718 4335 823 4394 έλαίων
835 4338 866 4392 Μ
953 4344 985 4393 19
1003 4338 1140 4410 γινόμενα
1157 4341 1232 4397 UBT
1249 4338 1342 4414 γεινό-

84 4438 157 4484 μενα
176 4419 205 4471 Μ
274 4424 305 4475 21
325 4415 436 4489 ἀείρεο
455 4423 543 4478 δεῖΜ
621 4426 654 4476 28
672 4417 801 4480 ούθένΤ
870 4427 902 4477 29
922 4416 938 4480 δ
957 4423 1019 4478 add.
1037 4423 1136 4480 Reiske
1212 4429 1244 4482 33
1263 4423 1343 4498 πρὸσ

86 4503 180 4558 σοῦΒ
249 4500 279 4560 εί
291 4520 343 4559 om.
361 4505 392 4559 Μ
