3068 5160
202 340 262 398 158
571 340 694 396 DIONIS
711 340 762 394 DE
780 339 846 394 DEI
863 336 1088 396 COGNlTIONE

201 511 442 598 προαγόμενος.
489 515 584 596 οἶμαι
615 515 650 579 δὲ
674 518 818 596 ἐμαυτὸν
841 509 917 596 <ἀν>
940 520 1075 596 πρῶτον
1099 514 1237 574 πείθειν
1259 513 1316 574 καί
1344 531 1459 596 παρα-

199 614 322 693 καλεῖν,
346 616 381 678 εἴ
398 637 458 696 μοι
480 619 521 679 τά
544 626 605 680 τοῦ
621 621 778 698 σώματος
792 619 848 680 καί
863 618 904 678 τά
920 624 979 701 τῆς
993 611 1126 700 ήλικίας
1148 611 1343 694 ἐπεδέχετο·
1368 609 1459 674 ἀλλά

199 719 261 802 γάρ
285 717 407 804 ἀνάγκη
433 716 488 781 διὰ
511 723 549 781 τδ
573 713 820 805 [κακοπαθεῖν],
844 718 879 780 εί
898 721 965 779 πού
988 740 1022 780 τι
1045 713 1263 801 δυνησόμεθα
1287 715 1460 799 εὑρέσθαι

200 822 292 905 παρὰ
315 828 382 882 τῶν
405 819 561 884 παλαιῶν
591 821 722 908 ἀνδρῶν
752 826 868 905 ὥσπερ
898 822 1148 905 ἀπερριμμένον
1175 817 1236 905 ήδη
1269 820 1327 880 καί
1349 814 1460 879 έωλον

201 925 326 1008 σοφίας
339 921 501 1005 λείψανον
510 926 605 1008 χήτει
617 932 684 987 τῶν
695 921 896 1008 κρειττόνων
908 944 944 985 τε
956 925 1012 986 καί
1026 918 1157 999 ζώντων
1172 917 1400 984 διδασκάλων.
1480 928 1495 978 5

198 1027 262 1109 ἐρῶ
287 1022 323 1087 δὲ
345 1028 423 1105 ύμῖν
444 1027 500 1087 καί
521 1023 614 1102 ἀλλο,
639 1026 657 1087 δ
681 1027 845 1088 πέπονθα
860 1033 901 1110 τῇ
917 1022 1032 1106 γλαυκί
1048 1019 1299 1108 παραπλήσιον,
1323 1021 1384 1084 ἐὰν
1401 1023 1460 1084 καί

148 1130 187 1193 13
197 1125 371 1211 βούλησθε
393 1125 577 1209 καταγελᾶν
599 1135 667 1189 τῶν
684 1125 800 1209 λόγων.
839 1130 955 1210 ὥσπερ
970 1127 1032 1210 γὰρ
1048 1127 1154 1210 έκείνη
1172 1116 1255 1208 αὐτή
1270 1126 1333 1205 μέν
1357 1115 1458 1187 οὐδέν
1471 1135 1515 1186 (191
1528 1164 1534 1174 ι

193 1237 316 1314 χρήται
338 1235 411 1304 τοῖς
430 1235 734 1312 προσπετομένοις,
757 1228 854 1314 ἀνδρί
870 1227 905 1291 δὲ
922 1229 1139 1312 ὀρνιθοθήρᾳ
1162 1225 1299 1289 πάντων
1324 1224 1458 1290 λυσιτε·

197 1328 359 1394 λέστατόν
373 1328 484 1416 <έστι>
497 1330 688 1415 κτημάτων·
714 1324 810 1394 οὐδέν
833 1332 895 1416 γάρ
919 1328 976 1392 δεῖ
994 1330 1069 1391 οὔτε
1091 1325 1221 1414 τροφὴν
1244 1325 1456 1413 προβάλλειν

197 1433 272 1494 ούτε
296 1429 411 1518 φωνήν
432 1435 636 1512 μιμεῖσθαι,
666 1432 770 1514 μόνον
801 1425 834 1495 δ’
860 1429 1094 1495 ἐπιδεικνύντα
1122 1426 1182 1515 τήν
1210 1427 1336 1512 γλαῦκα
1364 1428 1455 1493 πολύ
1477 1437 1506 1490 11

196 1531 334 1619 πλῆθος
355 1536 442 1613 ἐχειν
466 1533 609 1619 ὀρνέων·
634 1538 721 1597 σύτω
744 1537 846 1615 κάμοί
860 1544 919 1621 τής
935 1530 1087 1619 σπουδής
1101 1540 1168 1595 τῶν
1191 1530 1327 1596 πολλῶν
1352 1525 1453 1597 οὐδέν

197 1633 329 1720 ὄφελος.
376 1629 412 1697 ού
442 1638 504 1721 γάρ
536 1635 694 1719 λαμβάνω
724 1635 901 1723 μαθητάς,
931 1633 1031 1710 είδώς
1058 1639 1112 1698 ότι
1140 1627 1237 1698 οόδέν
1268 1637 1308 1697 ἀν
1338 1637 1454 1716 ἔχοιμι

196 1734 376 1815 διδάσκειν,
401 1741 459 1800 ἀτε
483 1730 557 1801 οὐδ’
577 1732 678 1816 αὐτὸς
694 1738 937 1820 ἐπιστάμενος·
962 1740 1008 1813 ὡς
1032 1734 1068 1799 δέ
1091 1734 1288 1818 ψεύδεσθαι
1301 1740 1360 1800 καί
1374 1735 1451 1816 έξα-

195 1847 305 1901 πατᾶν
327 1841 603 1922 ὑπισχνούμενος,
628 1835 687 1905 οόκ
710 1844 773 1922 έχω
798 1845 921 1926 ταύτην
943 1835 1003 1924 τὴν
1033 1834 1206 1923 ἀνδρείαν·
1237 1848 1388 1926 σοφιστῇ
1412 1837 1448 1902 δὲ

194 1939 291 2026 ἀνδρί
321 1939 425 2019 ξυνών
452 1942 581 2026 μεγάλα
613 1946 654 2007 ἀν
683 1942 841 2029 ὠφέλουν
880 1940 976 2023 ὄχλον
1012 1938 1119 2003 πολύν
1151 1936 1324 2025 ἀθροίζων
1360 1943 1449 2024 πρὸς
1473 1950 1500 2001 15

194 2042 311 2121 αὐτόν,
348 2047 468 2108 ἔπειτα
501 2048 614 2128 ἐκείνῳ
646 2044 805 2131 παρέχων
838 2049 932 2120 ὅπως
960 2040 1119 2126 βούλεται
1155 2040 1354 2107 διαθέσθαι
1386 2039 1448 2127 τὴν

193 2147 307 2229 ἀγραν.
359 2140 435 2208 ἀλλ’
462 2137 521 2208 οόκ
548 2147 625 2211 οἶδα
659 2152 754 2223 ὅπως
783 2137 894 2221 ούδείς
921 2167 963 2226 με
992 2144 1221 2228 ἀναλαμβάνει
1250 2153 1317 2207 τῶν
1348 2163 1449 2231 σοφι-

144 2251 285 2312 14στῶν
309 2240 386 2311 ούδέ
409 2247 549 2334 ήδονται
578 2253 730 2335 ὁρῶντες.
863 2246 979 2327 σχεδὸν
1007 2250 1068 2328 μέν
1099 2249 1155 2311 οὖν
1183 2250 1375 2327 ἐπίσταμαι
1396 2250 1449 2309 ὅτι

192 2349 372 2414 πιστεύετέ
395 2371 456 2431 μοι
480 2349 612 2433 λέγοντι
627 2354 713 2436 ὑπέρ
729 2360 789 2437 τής
804 2352 965 2434 ἀπειρίας
980 2371 1016 2412 τε
1030 2353 1367 2436 κάνεπιστημοσύνης
1389 2358 1449 2434 τῆς

191 2452 353 2529 ἐμαυτοῦ,
384 2450 484 2539 δήλον
508 2456 554 2528 ὡς
577 2452 633 2516 διά
656 2449 715 2539 τήν
740 2455 849 2515 αὐτῶν
877 2455 1068 2537 ἐπιστήμην
1096 2456 1152 2516 καί
1182 2456 1364 2539 φρόνησιν·
1392 2453 1450 2513 καί
1470 2460 1498 2512 b]

190 2560 289 2614 τούτο
315 2544 373 2616 οὐκ
401 2558 477 2636 ἐμοί
504 2553 625 2636 μόνον,
655 2553 739 2617 ἀλλὰ
762 2557 819 2617 καί
840 2553 1011 2639 Σωκράτει
1035 2553 1165 2618 δοκεῖτέ
1187 2576 1249 2635 μοι
1271 2557 1446 2617 πιστεύειν

190 2657 241 2732 ἀν,
264 2648 370 2718 ταύτὰ
393 2659 478 2742 ύπέρ
500 2660 603 2720 αὑτοῦ
618 2654 886 2741 προβαλλομένῳ
905 2661 991 2742 πρὸς
1008 2660 1162 2733 ἅπαντας
1178 2660 1224 2732 ὡς
1241 2648 1337 2719 οὐδέν
1349 2647 1444 2740 ᾔδει·

190 2760 248 2818 τόν
272 2755 307 2819 δέ
327 2749 464 2821 Ἱππίαν
485 2761 541 2822 καί
563 2763 621 2821 τόν
637 2757 760 2821 Πῶλον
783 2762 838 2821 καί
860 2761 918 2821 τόν
933 2761 1088 2844 Γοργίαν,
1113 2759 1158 2822 ὧν
1179 2763 1318 2834 ἕκαστος
1339 2759 1443 2820 αὑτὸν

188 2857 337 2939 μάλιστα
360 2857 532 2941 ἐθαύμαζε
555 2863 611 2923 καὶ
626 2858 857 2946 ἐξεπλήττετο,
883 2864 1012 2947 σοηνούς
1034 2864 1074 2924 ἀν
1089 2863 1252 2948 ήγεῖσθαι
1266 2861 1322 2924 καί
1336 2880 1443 2939 μακα-

140 2963 299 3045 15ρίους·
329 2966 420 3042 ὅμως
450 2959 485 3023 δέ
516 2960 672 3047 προλέγω
702 2966 779 3042 ὑμῖν
808 2967 861 3025 ὅτι
889 2961 1123 3027 ἐσπουδάκατε
1151 2961 1273 3048 ἀνδρὸς
1301 2963 1446 3023 ἀκούσαι
1468 2973 1500 3024 25

189 3071 351 3124 τοσοῦτον
374 3061 511 3149 πλῆθος
534 3066 626 3140 ύντες
649 3066 724 3126 ούτε
747 3063 852 3127 καλου
878 3069 916 3128 τὸ
947 3065 1038 3142 εἶδος
1062 3066 1137 3127 οάτε
1160 3068 1313 3151 ἰσχυροῦ,
1342 3071 1385 3150 τῇ
1407 3084 1444 3126 τε

188 3162 300 3248 ήλικίμ
323 3164 583 3251 παρηκμακότος
605 3164 679 3253 ήδη,
701 3164 860 3252 μαθητὴν
884 3165 919 3230 δέ
944 3161 1066 3232 σύδὲνα
1090 3170 1240 3247 ἔχοντος,
1264 3163 1384 3252 τέχνην
1408 3162 1445 3228 δέ

188 3269 206 3352 ή
237 3270 428 3353 ἐπιστήμην
458 3260 618 3349 οόδεμίαν
646 3268 917 3350 ὑπισχνουμένου
955 3269 1071 3350 σχεδὸν
1107 3271 1182 3333 ούτε
1210 3277 1277 3332 τῶν
1311 3274 1443 3350 σεμνῶν

189 3371 264 3431 ούτε
293 3377 360 3431 τῶν
389 3368 590 3450 ἐλαττόνων,
626 3373 701 3434 ούτε
731 3369 892 3458 μαντικήν
923 3375 998 3436 υύτε
1029 3376 1231 3458 σοφιστικήν
1260 3361 1336 3433 ἀλλ’
1363 3360 1442 3432 οόδέ

275 3577 285 3624 1
305 3569 378 3644 (ἀν)
401 3573 463 3627 add.
481 3574 560 3642 Emp.
584 3575 669 3631 dubit.
758 3572 856 3644 2έμοί
872 3591 922 3644 pro
946 3571 976 3632 εί
987 3594 1037 3645 μοι
1055 3575 1085 3628 Μ
1171 3566 1329 3644 ἀπεδέχετο
1348 3571 1376 3625 Μ

186 3663 201 3712 3
221 3664 419 3724 [κακοπαθεῖν]
439 3663 596 3728 corruptum
614 3651 724 3732 ἀνάγκη
748 3655 780 3732 νὴ
800 3662 854 3716 Δία
878 3653 995 3727 ἀγαπᾶν
1018 3655 1049 3716 εἷ’
1061 3658 1204 3728 Emperius
1309 3661 1326 3710 4
1344 3647 1446 3729 ἀπερι-

185 3741 282 3814 μένων
300 3745 321 3798 Ρ
340 3738 550 3816 άπερῥειμένον
567 3744 598 3798 Μ
688 3747 737 3800 καί
754 3749 853 3819 βῶλον
871 3747 980 3816 σοφίασ
997 3745 1067 3812 libri,
1085 3760 1155 3799 corr.
1174 3743 1274 3799 Reiske
1353 3747 1369 3796 5
1387 3742 1445 3802 λεί-

187 3848 284 3901 ψανον
302 3825 361 3900 δήτι
385 3834 445 3885 τῶν
467 3829 540 3895 libri,
563 3844 633 3883 corr.
659 3830 760 3884 Reiske
848 3826 899 3901 ύῆ
922 3825 1124 3902 παραπλήσιον
1141 3829 1172 3883 Μ
1258 3831 1272 3880 'l
1295 3816 1444 3899 βούλεσθε

186 3916 263 3970 Um.
282 3930 332 3984 pr,
350 3914 405 3969 BM
489 3915 695 3985 καταγελῶνΡ
783 3911 946 3970 ἐκείνοισΡ
1016 3913 1110 3970 blau
1128 3913 1190 3969 add.
1208 3910 1374 3967 Herwerden

186 3997 381 4072 προσβάλλειν
398 3999 472 4063 libri,
496 4014 565 4053 corr.
585 3999 655 4053 Mor.
768 4003 799 4052 12
819 3993 921 4057 οόδὲνα
941 4011 1001 4063 lom,
1020 3996 1067 4063 ἀν)
1084 3999 1159 4064 libri,
1182 4013 1251 4053 corr.
1270 3996 1373 4052 Jacobs

188 4089 218 4139 13
238 4077 313 4142 όίστε
331 4090 390 4153 (pro
410 4078 453 4138 όσ
471 4082 508 4147 δὲ)
526 4082 596 4147 libri,
615 4099 685 4138 corr.
704 4082 809 4152 Pflugk.
900 4090 931 4139 15
951 4078 986 4142 ού
1005 4080 1117 4156 μεγάλα
1144 4079 1181 4141 ἀν
1205 4076 1333 4152 όφέλονν
1350 4080 1373 4135 Ρ

189 4174 219 4222 16
236 4166 373 4242 βούληται
392 4168 415 4221 Β
507 4173 533 4220 ll
554 4161 647 4225 ούδείσ
666 4162 843 4242 ἀναλαβόντι
862 4170 922 4234 (sici
945 4190 994 4238 μοι
1013 4175 1159 4239 εαρεεεοε.)
1176 4169 1198 4222 Ρ
1285 4171 1317 4222 18
1335 4164 1443 4238 σχεδὸν

187 4257 254 4310 νοῦν
272 4255 293 4308 Ρ
312 4250 415 4326 σχεδὸν
435 4245 486 4311 οὖν
503 4253 528 4306 Υ
598 4259 628 4308 19
647 4245 810 4310 πιστεύεται
827 4254 857 4308 Μ
926 4275 957 4311 τε
974 4258 1023 4311 καί
1040 4247 1306 4325 ἀνεπιστημοσύνησ
1323 4250 1380 4304 MY

186 4341 218 4390 20
237 4342 327 4409 δηλῶν
344 4341 375 4394 Μ
445 4344 476 4393 22
495 4335 531 4396 ἀν
548 4343 638 4396 ταῦτα
656 4337 735 4393 UMP
823 4342 855 4392 23
874 4338 992 4397 ἱππείαν
1008 4340 1064 4396 UM
1159 4335 1285 4396 έιιαστοσ
1303 4331 1441 4393 αδτιόυΡ

186 4416 312 4478 {bama
330 4417 425 4480 αὐτῶν
444 4425 492 4480 UB
562 4427 595 4477 24
613 4417 730 4493 ἡγεῖσθε
747 4424 796 4479 UB
887 4428 918 4478 27
938 4417 1040 4482 ούδένα
1064 4420 1221 4496 έχοντειισ
1237 4414 1340 4494 τέχνην
1358 4426 1388 4488 (σ
1405 4436 1442 4475 ex

185 4526 201 4561 υ
220 4512 299 4571 corr.)
318 4507 339 4558 P
411 4513 442 4561 28
461 4505 687 4578 ἐπισχνουμένου
704 4507 734 4562 Μ
