3068 5160
609 334 746 392 ORATIO
763 335 811 390 lx.
1276 337 1336 396 105
1401 337 1404 344 '

80 506 129 591 τῷ
152 510 228 571 όντι
248 510 311 594 γάρ
334 507 432 591 ἐῴκει
453 507 594 591 βασιλεῖ
618 513 675 572 καί
703 507 868 594 δεσπότη,
899 519 1039 590 πτωχοῦ
1066 508 1187 597 στολήν
1217 514 1336 591 έχοντι,

79 610 229 673 κάπειτα
251 612 287 673 ἐν
303 609 534 695 ἀνδραπόδοις
550 614 656 674 τεκαὶ
673 609 807 686 δούλοις
824 613 929 677 αὐτοῦ
944 617 1160 698 στρεφομένῳ
1183 622 1339 699 τρυφῶσι

79 713 137 775 καί
159 713 340 795 ἀγνοοῦσιν
362 716 456 788 όστις
479 716 561 790 ἐστί,
585 716 641 777 καί
663 711 790 799 ῥᾳδίως
820 719 960 799 φέροντι
987 716 1181 795 μεθύοντας
1204 717 1337 800 ἀνθρώ·

80 833 170 889 πους
191 816 249 876 καί
269 820 494 896 μαινομένους
515 817 583 878 ύπδ
607 818 744 898 ἀγνοίας
765 817 821 878 καί
844 817 1008 895 ἀμαθίας.
1129 821 1221 897 ὅμως
1245 816 1280 880 δὲ
1305 819 1341 880 οί
1351 822 1388 882 10

46 928 65 981 Β
80 937 117 980 τε
140 914 338 979 ἀθλοθέται
360 924 427 979 τῶν
440 910 601 999 Ἰσθμίων
615 921 671 980 καί
685 925 752 980 τῶν
768 915 878 980 ἀλλων
894 922 971 981 ύσοι
986 921 1117 998 έντιμοι
1131 921 1188 981 καί
1204 917 1340 982 δυνατοί

81 1016 219 1105 σφόδρα
235 1022 425 1105 ήποροῦντο
440 1023 496 1082 καί
520 1016 786 1097 συνεστέλλοντο,
809 1012 883 1082 κατ’
909 1023 1035 1083 ἐκεῖνον
1059 1023 1162 1082 ύπότε
1177 1026 1338 1102 γένοιντο,

79 1122 138 1183 καί
160 1123 287 1196 πάντες
310 1120 406 1183 ούτοι
429 1131 506 1207 σιγῇ
529 1120 705 1205 παρῄεσαν
720 1120 974 1203 ὑποβλέποντες
991 1125 1100 1184 αύτόν.
1139 1125 1216 1185 ἐπεὶ
1232 1120 1267 1184 δέ
1283 1124 1339 1184 καί

79 1225 345 1309 ἐστεφανώσατο
369 1233 428 1310 τῆς
450 1227 582 1301 πίτυος,
607 1229 805 1306 πέμψαντες
829 1228 862 1286 οί
878 1227 1063 1309 Κορίνθιοι
1079 1232 1146 1287 τῶν
1161 1226 1337 1310 ὑπηρετῶν

79 1346 178 1400 τινας
206 1322 356 1388 ἐκέλευον
392 1327 599 1388 ἀποθέσθαι
634 1329 692 1388 τόν
722 1332 890 1412 στέφανον
919 1329 975 1389 καὶ
1003 1325 1107 1412 μηδὲν
1140 1329 1338 1411 παράνομον

28 1436 58 1489 1⁰
78 1432 205 1490 ποιεῖν.
251 1430 270 1488 ύ
299 1425 334 1489 δέ
363 1429 462 1513 ήρετο
493 1430 614 1503 αύτούς
644 1425 700 1489 διά
723 1431 758 1490 τί
780 1433 978 1514 παράνομόν
1001 1432 1094 1491 ἐστιν
1118 1431 1218 1490 αύτδν
1247 1431 1385 1494 ἐστε-11

81 1529 273 1615 φανῶσθαι
294 1538 354 1616 τῆς
376 1531 507 1606 πίτυος,
531 1527 654 1604 ἄλλους
686 1527 721 1591 δέ
752 1533 789 1592 οὐ
820 1535 1028 1616 παράνομον.
1081 1530 1177 1594 εἶπεν
1207 1531 1264 1593 οῦν
1287 1553 1339 1606 τις

81 1632 203 1708 αὐτῶν,
219 1623 294 1693 Ὅτι
317 1633 355 1693 ού
379 1634 559 1717 νενίκηκας,
583 1631 609 1693 ώ
633 1635 801 1714 Διόγενες.
848 1637 867 1695 ό
891 1632 944 1711 δέ,
973 1630 1129 1708 Πολλούς
1152 1653 1201 1715 γε,
1232 1633 1338 1711 εἶπεν,

80 1730 334 1812 ἀνταγωνιστάς
355 1737 412 1797 καί
426 1732 600 1817 μεγάλους,
625 1737 683 1814 ούχ
706 1737 762 1797 οία
785 1740 889 1798 ταῦτά
913 1737 1050 1798 ἐστιτὰ
1074 1732 1274 1819 ἀνδράποδα
1297 1737 1338 1796 τά

81 1839 140 1894 νῦν
160 1834 312 1897 ἐνταῦθα
336 1835 527 1900 παλαίοντα
550 1840 606 1900 καὶ
630 1835 825 1900 δισκεύοντα
841 1840 897 1900 καί
919 1843 1087 1921 τρέχοντα,
1111 1836 1158 1920 τῷ
1176 1840 1279 1899 παντί
1301 1836 1336 1899 δέ
1350 1840 1388 1901 12

33 1948 61 2001 Ιῦ
77 1931 348 2021 χαλσπωτέρους,
373 1941 494 2002 πενίαν
516 1943 572 2003 καί
596 1943 702 2026 φυγήν
725 1942 781 2002 καί
797 1936 946 2015 ἀδοξίαν,
970 1942 1022 2001 ἐτι
1044 1937 1079 2001 δέ
1104 1941 1203 2024 ὀργήν
1225 1961 1261 2001 τε
1283 1942 1339 2002 καί

82 2032 193 2122 λύπην
206 2040 264 2101 καί
278 2041 470 2120 ἐπιθυμίαν
484 2045 540 2105 καί
557 2044 665 2128 φόβον
679 2045 736 2104 καί
751 2044 789 2102 τό
808 2043 944 2102 πάντων
966 2043 1187 2120 ἀμαχώτατον
1203 2043 1337 2126 θηρίον,

80 2135 232 2202 ὕπουλον
253 2143 310 2204 καί
330 2141 519 2222 μαλθακόν,
542 2143 679 2230 ήδονήν·
710 2135 732 2228 ᾗ
756 2141 865 2218 οὐδεὶς
889 2144 964 2204 ούτε
993 2150 1060 2205 τῶν
1079 2136 1239 2229 Ἑλλήνων
1263 2144 1338 2205 ούτε

81 2247 150 2303 τῶν
170 2243 352 2328 βαρβάρων
376 2243 473 2323 ἀξιοῖ
496 2248 672 2327 μάχεσθαι
698 2249 755 2308 καί
783 2251 953 2330 περιεῖναι
982 2254 1023 2330 τῇ
1047 2255 1138 2331 ψυχή
1159 2249 1338 2331 κρατήσας,

82 2338 169 2404 ἀλλά
197 2347 323 2421 πάντες
351 2349 511 2433 ήττηνται
539 2352 596 2411 καί
625 2350 831 2434 ἀπειρήκασι
860 2350 946 2431 πρός
975 2350 1033 2409 τδν
1069 2350 1181 2430 ἀγῶνα
1210 2357 1338 2425 τοῦτον,

32 2456 61 2509 ²)
81 2444 218 2529 Πέρσαι
246 2449 302 2510 καί
325 2447 444 2535 Μήδοι
472 2454 528 2513 καί
557 2454 660 2535 Σύροι
689 2454 746 2513 καί
774 2448 970 2523 Μακεδόνες
999 2452 1056 2511 καί
1075 2442 1257 2535 Ἀθηναῖοι
1284 2451 1340 2512 καί

82 2544 366 2629 Λακεδαιμόνιοι,
391 2550 478 2638 πλήν
497 2556 588 2632 ἐμοῦ.
628 2557 772 2637 πότερον
795 2554 872 2632 ύμῖν
895 2549 991 2628 ἀξιος
1015 2549 1101 2613 δοκῶ
1125 2561 1184 2636 τής
1207 2554 1337 2627 πίτυος,
1351 2555 1389 2616 13

83 2650 103 2735 ή
127 2647 288 2732 λαβόντες
312 2655 414 2740 αύτήν
438 2653 563 2718 δώσετε
585 2654 632 2737 τῴ
656 2653 826 2717 πλείστων
847 2662 952 2739 κρεῶν
974 2659 1110 2735 γέμοντι
1117 2677 1128 2728 ;
1155 2660 1259 2714 ταῦτα
1280 2653 1338 2714 οὖν

84 2751 312 2836 ἀπαγγέλλετε
334 2762 408 2831 τοῖς
437 2763 599 2839 πέμψασι
628 2760 684 2819 καὶ
712 2761 765 2819 ότι
795 2759 891 2819 αὐτοὶ
914 2763 1185 2839 παρανομοῦσιν·
1216 2756 1339 2838 οὐγὰρ

85 2857 280 2940 νικήσαντες
304 2856 422 2921 ούδένα
446 2862 558 2943 ἀγῶνα
577 2865 813 2945 περιέρχονται
832 2861 1019 2944 στεφάνους
1035 2859 1180 2937 ἔχοντες·
1206 2851 1271 2940 [καί
1286 2860 1340 2919 δτι

34 2964 64 3019 2
84 2954 284 3044 ἐνδοξότερα
301 2965 468 3047 πεποίηκε
488 2965 529 3024 τά
541 2955 683 3043 Ἴσθμια
698 2963 953 3046 κατακρατήσας
970 2961 1070 3035 αύτδς
1086 2963 1144 3022 τὸν
1162 2964 1339 3045 στέφανον,

84 3064 142 3124 καί
163 3064 218 3124 ότι
241 3065 278 3124 ού
301 3070 374 3139 τοῖς
397 3066 616 3149 ἀνθρώποις,
646 3063 731 3127 ἀλλά
761 3069 836 3139 ταῖς
866 3060 935 3140 αίξί
959 3060 1084 3149 δηλαδή
1111 3065 1340 3148 περιμάχητον

10 3157 189 3233 Μαύτδν
212 3163 300 3228 εἷναι
328 3160 400 3250 δεῖ]
529 3169 613 3247 μετά
643 3165 678 3229 δέ
710 3175 808 3228 τοῦτο
839 3163 921 3227 ίδών
944 3187 1019 3228 τινα
1052 3168 1087 3226 ἐκ
1117 3174 1178 3226 τοῦ
1200 3162 1391 3228 σταδίου14

84 3262 266 3349 βαδίζοντα
289 3270 372 3348 μετά
397 3267 528 3330 πολλοῦ
549 3266 706 3354 πλήθους
734 3271 790 3330 καί
817 3265 902 3352 μηδέ
933 3269 1155 3348 ἐπιβαίνοντα
1184 3276 1243 3353 τῆς
1271 3275 1340 3352 γῆς,

85 3366 172 3431 ἀλλά
195 3367 327 3455 ὑψηλόν
351 3375 537 3455 φερόμενον
560 3375 627 3433 ύπδ
651 3379 712 3433 τοῦ
734 3367 847 3449 όχλου,
878 3370 956 3442 τούς
981 3366 1018 3430 δέ
1039 3390 1133 3443 τινας
1156 3366 1340 3430 ἐπακολου-

34 3480 64 3533 w
84 3472 235 3545 θοῦντας
263 3474 319 3535 καί
345 3474 513 3553 βοῶντας,
544 3471 666 3547 ἀλλους
696 3470 731 3534 δὲ
762 3469 942 3556 πηδῶντας
969 3472 1037 3531 ύπδ
1064 3478 1169 3554 χαράς
1197 3473 1252 3532 καί
1280 3470 1340 3543 τάς

81 3580 200 3659 χεῖρας
230 3573 387 3658 αἴροντας
416 3579 504 3660 πρὸς
533 3579 591 3638 τὸν
621 3567 778 3659 οὐρανόν,
809 3577 887 3648 τούς
911 3570 946 3634 δέ
977 3571 1224 3654 ἐπιβάλλοντας
1248 3563 1339 3652 αι’·τῴ

86 3679 277 3762 στεφάνους
298 3679 354 3739 καί
376 3680 518 3755 ταινίας,
542 3682 597 3740 ὅτε
615 3675 761 3762 ἐδυνήθη
779 3673 988 3760 προσελθεῖν
1012 3678 1108 3760 ήρετο
1132 3676 1184 3748 τίς
1207 3677 1298 3736 ἐστιν
1323 3677 1341 3736 ὁ

173 3971 298 4034 2αὗτοῦ
315 3976 514 4049 στρεφομένου
532 3976 579 4031 UB
632 3973 785 4032 θέστὶνῐί
855 3975 982 4048 φέροντα
1002 3974 1075 4029 UBV
1143 3962 1261 4042 4δμως
1278 3973 1344 4026 mihi

86 4065 246 4132 suspectum
314 4055 479 4135 δήτιόρονν
497 4064 594 4118 τεκαὶ
612 4061 676 4116 Wil.
764 4065 795 4113 12
815 4054 831 4117 δ
850 4060 880 4117 δὲ
897 4060 994 4115 om.V
1064 4063 1095 4113 16
1113 4053 1343 4130 άμαχύτατονή

85 4150 135 4205 καί
149 4143 376 4220 δυσμαχώτατον
393 4149 499 4220 θηρίον
513 4147 559 4202 UB
573 4148 637 4201 item
658 4147 682 4201 V
700 4146 799 4201 omisso
815 4140 841 4215 ἢ,
859 4139 1054 4201 ἀτοπώτατον
1071 4147 1119 4200 καί
1136 4147 1214 4212 δοσμ.
1234 4149 1298 4215 θήρ.
1317 4143 1342 4197 Y

87 4226 284 4305 ἀμαχώτατον
300 4237 349 4290 καί
366 4229 598 4304 όυσμαχωτάτων
615 4233 727 4304 θηρίων
744 4231 774 4296 Ρ,
794 4246 864 4286 corr.
882 4229 1027 4298 Emporius
1093 4233 1123 4284 18
1142 4224 1225 4294 άξιοσ
1243 4229 1291 4284 UB

89 4322 121 4373 19
138 4311 339 4392 άπηρήκασιῨ
425 4322 454 4372 21
476 4313 603 4390 πότερον
622 4309 733 4374 ούνΠΒ
819 4311 964 4372 πύτιοσίί
1042 4318 1073 4367 23
1092 4313 1274 4386 πέμψασινῦ

88 4407 121 4458 24
138 4407 188 4461 καί
207 4394 293 4461 δτι-
305 4398 378 4460 εἶναι
395 4406 438 4460 δεῖ
454 4402 565 4456 seclusit
576 4402 641 4458 Wil.
695 4393 822 4458 αύτάσῑί
840 4393 930 4455 αύτοῦ
942 4399 988 4453 ΡΥ
1041 4403 1073 4451 27
1092 4403 1136 4456 δεῖ
1153 4415 1206 4454 om.
1219 4397 1292 4454 UBV

88 4492 120 4544 31
139 4489 184 4546 είσ
201 4484 256 4545 τδν
274 4481 401 4562 ούρανδν
421 4485 470 4542 UY
