3068 5160
615 338 751 395 ORATIO
773 338 832 395 vn.
1289 341 1349 399 195

96 520 226 596 ἔχοντες
256 513 291 576 δέ
321 515 362 575 τά
385 519 529 600 ημέτερα
551 515 607 575 καῖ
630 513 853 588 πλουτοῦντες
877 514 951 574 οδτε
976 511 1184 598 λειτουργίαν
1208 517 1350 576 πώποτε

95 617 352 701 ἐλειτούργησαν
383 605 542 696 οὐδεμίαν
571 616 645 677 ούτε
673 620 796 701 μοῖράν
827 637 901 678 τινα
928 612 1132 677 ὑποτελοῦσι
1154 614 1220 677 τιῖν
1242 636 1350 698 γιγνο-

95 726 214 800 μένων,
231 709 306 780 ἀλλ’
325 716 455 792 ἀτελεῖς
470 720 526 780 καί
541 715 796 802 ἀλειτούργητοι
812 715 1033 793 διατελοῦσιν,
1051 719 1166 802 ὥσπερ
1180 708 1351 802 είεργέται

96 831 155 908 της
177 819 319 895 πόλεως.
366 819 463 900 οἶμαι
486 817 531 897 δέ,
556 822 632 907 ἔφη,
655 818 740 905 μηδέ
764 817 966 904 ἐληλυθέναι
989 821 1132 881 πώποτε
1155 810 1277 895 αὑτούς
1299 823 1349 882 ἐν-

57 921 192 985 ύθάδε.
278 924 368 1004 κάγὼ
399 924 568 984 ἀνένευσα.
615 925 633 983 ό
663 920 698 984 δέ
729 918 825 1001 ὄχλος
853 918 1025 1003 ἐγέλασεν,
1056 925 1102 996 ὡς
1131 919 1209 984 είδε.
1253 924 1309 984 καί
1331 923 1400 987 0‘29

93 1024 198 1107 ’λέγων
215 1028 341 1100 ἐκεῖνος
357 1026 511 1109 ὠργίσθη
529 1026 588 1086 ἐπὶ
602 1023 650 1106 τῴ
666 1022 787 1106 γέλωτι
801 1026 859 1086 καί
873 1044 933 1103 μοι
948 1022 1164 1107 ἐλοιδορεῖτο.
1231 1025 1349 1084 ἔπειτα

95 1130 324 1210 ἐπιστρέψας,
353 1129 395 1188 Εἰ
419 1128 492 1203 σύν,
522 1129 604 1212 ἔφη,
629 1124 725 1189 δοκεῖ
742 1134 847 1188 ταῦτα
871 1128 986 1202 οὑτως,
1012 1117 1070 1187 οὑκ
1092 1128 1132 1188 ἀν
1157 1126 1350 1211 φθάνοιμεν

20 1268 22 1272 ⁴
95 1232 243 1303 άπαντες
265 1231 306 1290 τά
328 1231 424 1291 κοινά
448 1227 714 1313 διαρπάσαντες,
749 1231 782 1289 οἱ
803 1231 864 1307 μέν
886 1229 928 1289 τά
948 1230 1102 1312 χρήματα
1125 1235 1184 1312 τῆς
1207 1224 1349 1303 πόλεως,

96 1333 211 1415 ὥσπερ
235 1329 352 1411 ἀμέλει
373 1333 429 1394 καέ
451 1339 508 1393 νῦν
532 1331 673 1391 ποιοῦσί
695 1350 793 1406 τινες,
822 1332 855 1390 οί
879 1326 914 1391 δὲ
937 1331 996 1414 τὴν
1017 1331 1128 1412 χώραν
1150 1332 1349 1408 κατανειμά-

45 1442 73 1492 Ιύ
94 1454 190 1512 μενοι
218 1437 262 1519 μη
293 1436 473 1507 πείσαντες
501 1435 599 1512 ὑμεῖς,
630 1433 687 1493 ἐάν
717 1434 925 1516 ἐπιτρέψητε
953 1437 1027 1504 τοῖς
1055 1432 1195 1514 θηρίοις
1216 1433 1350 1506 τούτοις

95 1541 219 1619 προῖκα
249 1537 335 1613 ἐχειν
365 1532 469 1596 πλέον
498 1535 517 1618 ἢ
543 1532 635 1612 χίλια
659 1531 796 1618 πλέθρα
819 1542 878 1619 γῆς
900 1543 959 1620 τῆς
982 1534 1138 1617 ἀρίστης,
1167 1534 1249 1594 ὅθεν
1272 1535 1350 1612 ὑμῖν

95 1639 168 1698 ἐστι
195 1643 286 1721 τρεῖς
308 1639 459 1714 χοίνικας
478 1626 632 1710 Ἀττικάς
656 1637 751 1696 σίτου
776 1633 957 1716 λαμβάνειν
979 1626 1054 1696 κατ’
1080 1632 1195 1718 ἀνδρα.
1283 1636 1346 1715 ἐγὼ
1359 1638 1399 1700 30

95 1736 130 1799 δέ
154 1740 300 1813 ἀκούσας
322 1736 464 1819 ἐγέλασα
487 1741 567 1800 δσον
590 1736 756 1822 ἐδυνάμην
771 1743 938 1818 μέγιστον.
976 1740 1014 1798 τύ
1032 1735 1067 1798 δέ
1084 1734 1222 1822 πλῆθος
1239 1728 1346 1799 οὐκέτ’

93 1836 231 1921 ἐγέλων,
263 1842 379 1923 ὥσπερ
403 1845 579 1925 πρότερον,
610 1832 684 1902 ἀλλ’
717 1841 915 1923 ἐθορύβουν.
1004 1842 1022 1899 ύ
1046 1836 1081 1900 δέ
1106 1840 1294 1922 ἄνθρωπος
1317 1832 1347 1920 [0‘

41 1951 70 2000 15
93 1937 216 2026 ῥητωρ]
234 1939 443 2020 ἐχαλέπαινε,
466 1945 522 2004 καί
545 1940 654 2004 δεινδν
677 1939 852 2022 ἐμβλέψας
875 1942 924 2014 εἰς
946 1943 1003 2019 ἐμὲ
1028 1939 1133 2016 εἶπεν,
1153 1931 1267 2023 Ὁρᾶτε
1289 1942 1348 2024 την

94 2046 268 2126 εἰρωνείαν
290 2046 347 2105 καὶ
369 2046 428 2128 την
450 2046 547 2126 ὑβριν
569 2052 630 2105 τοῦ
650 2046 883 2126 καθάρματος,
907 2046 953 2116 ὡς
976 2040 1143 2124 καταγελᾷ
1156 2044 1245 2102 πάνυ
1262 2042 1347 2124 θρα-

96 2151 198 2219 σέως,·
227 2146 264 2205 δν
291 2147 435 2226 ἀπάγειν
458 2143 571 2226 ὀλίγον
596 2142 660 2206 δέω
683 2146 739 2206 καί
761 2147 819 2205 τὸν
841 2148 1000 2206 κοινωνόν
1025 2135 1130 2206 αὑτοῦ
1149 2179 1191 2187 -
1215 2145 1347 2204 πυνθά-

94 2267 195 2325 νομαι
223 2248 285 2328 γάρ
318 2244 377 2307 δύο
406 2245 494 2307 εἶναι
516 2249 595 2320 τούς
616 2247 823 2331 κορυφαίους
846 2244 911 2306 τῶν
933 2245 1186 2331 κατειληφότων
1210 2247 1348 2306 άπασαν

10 2361 77 2411 ωΜ)
94 2345 210 2425 σχεδόν
239 2350 298 2432 τὴν
326 2350 361 2409 ἐν
390 2354 462 2423 τοῖς
492 2351 584 2433 όρεσι
610 2351 787 2434 χώραν-
811 2347 907 2429 οἶμαι
935 2351 997 2433 γάρ
1027 2340 1149 2423 αὑτοὺς
1174 2345 1259 2432 μηδὲ
1282 2346 1396 2410 τιὺν31

37 2461 68 2508 20
90 2451 257 2531 ναυαγίων
273 2450 468 2527 ἀπέχεσθαι
483 2448 549 2510 των
565 2452 723 2512 έκάστοτε
739 2453 984 2527 ἐκπιπτόντων,
1007 2454 1092 2535 ὑπὲρ
1110 2441 1214 2524 αὑτάς
1231 2446 1348 2529 σχεδόν

90 2573 123 2611 τι
146 2551 207 2625 τὰς
229 2548 434 2637 Καφηρίδας
451 2554 633 2626 οἰκοῦντας.
673 2554 785 2615 πόθεν
800 2555 863 2637 γάρ
881 2555 987 2627 οὑτως
1003 2550 1199 2626 πολυτελεῖς
1215 2554 1346 2635 ἀγρούς,

88 2650 213 2732 μάλλον
237 2651 273 2715 δέ
296 2652 377 2729 ὑλας
391 2657 506 2733 κώμας
521 2658 808 2717 κατεσκευάσαντο
824 2657 880 2717 καί
895 2663 1056 2716 τοσοῦτον
1073 2651 1209 2738 πλῆθος
1225 2655 1346 2737 βοσκη-

35 2759 37 2764 ’
87 2759 204 2834 μάτων
232 2759 288 2819 καὶ
318 2752 412 2840 ζεύγη
435 2759 492 2819 καί
514 2754 731 2841 ἀνδράποδα,’
759 2760 815 2819 καί
837 2760 932 2837 ὑμεῖς
956 2754 991 2818 δέ
1016 2755 1099 2829 ἴσως
1123 2757 1219 2838 ὑράτε
1243 2745 1348 2815 αὑτοῦ
1357 2755 1396 2816 32

88 2862 147 2943 την
170 2856 319 2938 ἐξωμίδα
343 2861 390 2932 ὡς
414 2856 536 2943 φαύλη,
559 2861 615 2920 καὶ
630 2861 668 2919 τύ
686 2856 800 2943 δέρμα,
823 2856 1004 2943 δέληλυθε
1020 2855 1117 2941 δεῦρο
1133 2858 1347 2937 ἐναψάμενος

39 2969 66 3016 25
89 2969 148 3043 της
170 2963 332 3044 ὑμετέρας
354 2963 461 3022 ένεκεν
485 2962 629 3044 ἀπάτης,
653 2963 700 3034 ὡς
724 2963 858 3040 πτωχός
882 2958 981 3046 δῆλον
1001 2964 1053 3022 ότι
1067 2961 1124 3021 καί
1140 2948 1236 3020 οὑδέν
1252 2959 1345 3036 έχων.

89 3061 153 3139 ἐγὼ
175 3062 237 3140 μέν
259 3064 331 3144 γάρ,
356 3062 432 3145 ἐφη,
455 3059 591 3143 βλέπων
615 3053 716 3123 αὑτὸν
738 3071 860 3145 μικροῦ
875 3061 1019 3138 δέδοικα,
1044 3063 1159 3146 ὥσπερ
1177 3060 1274 3140 οἶμαι
1288 3062 1346 3121 τάν

91 3159 270 3223 Ναύπλιον
301 3161 386 3246 ὑριὺν
412 3165 481 3224 ἀπό
505 3171 567 3223 τοῦ
587 3165 780 3247 Καφηρέως
803 3165 933 3247 η’κοντα.
978 3166 1118 3248 καὶγὰρ
1143 3163 1239 3243 οἶμαι
1262 3182 1345 3246 πυρ-

91 3265 199 3324 σεύειν
223 3254 323 3325 αὑτόν
346 3266 415 3325 ἀπδ
431 3263 497 3325 τών
520 3266 630 3348 ἀκρων
652 3270 725 3338 τοῖς
749 3262 920 3341 πλέουσιν,
943 3269 1038 3340 ὅπως
1060 3267 1273 3327 ἐκπίπτωσιν
1296 3267 1346 3339 είς

90 3366 150 3439 τάς
173 3370 309 3449 πέτρας.
440 3375 544 3427 ταῦτα
568 3363 604 3427 δέ
627 3369 754 3428 ἐκείνου
778 3364 1009 3448 λέγοντοςκαὶ
1032 3364 1143 3428 πολλά
1167 3369 1254 3450 πρδς
1268 3368 1343 3427 τού·
1356 3366 1395 3428 33

37 3475 65 3523 30
88 3488 170 3543 τοις,
195 3469 213 3528 ά
234 3470 295 3546 μὲν
319 3465 415 3547 ὄχλος
437 3474 610 3552 ἠγριοῦτο·
640 3470 704 3549 ἐγὼ
729 3465 764 3529 δέ
788 3472 938 3553 ἠπόρουν
960 3471 1016 3530 καί
1038 3466 1219 3530 ἐδεδοίκειν
1242 3470 1287 3551 μή
1311 3469 1345 3528 τί

87 3592 128 3647 με
151 3572 361 3653 ἐργάσωνται
382 3574 491 3632 κακόν.

173 3670 359 3757 παρελθὼν
383 3670 419 3734 δέ
442 3670 544 3747 ἀλλος
559 3695 621 3749 τις,
645 3676 691 3747 ὡς
707 3676 877 3758 ἐφαίνετο,
901 3669 1053 3757 ἐπιεικὴς
1069 3673 1257 3755 ἄνθρωπος
1273 3672 1343 3732 ἀπό

174 3946 189 3995 2
209 3935 274 3998 οὑδὲ
286 3941 392 3997 UBMH
445 3936 632 4014 ὑπερτελοὺσι
644 3941 725 3995 ΡΗΜ
736 3939 898 3998 ἐπιτελοῦσι
911 3942 936 3998 U
990 3946 1005 3996 3
1024 3935 1159 4014 εὑεργέτα
1172 3940 1239 3995 Pm.
1249 3956 1291 4010 pr.

89 4023 226 4084 δεῖδενῑλ
283 4021 442 4098 ίύῆμάσΗ
502 4033 531 4083 11
546 4027 711 4099 πλέχθραΡ
775 4031 806 4081 13
820 4020 854 4083 οὑ
865 4020 1131 4099 κατεγέλωνῑίοὺκ
1142 4024 1248 4098 ἐγέλων
1259 4024 1309 4080 ΡΗ

90 4114 120 4162 14
141 4104 156 4166 δ
169 4102 267 4183 ῥήτωρ
280 4111 330 4167 δελ.
344 4113 463 4169 Cobetufl
518 4117 549 4167 18
565 4108 623 4184 γάρ
641 4116 701 4168 δυσὶ
718 4115 767 4167 καί
779 4107 849 4168 τοὺσ
861 4111 910 4166 BU
922 4127 957 4166 m.
970 4127 1013 4181 pr.
1025 4115 1103 4168 δυσίν
1113 4114 1162 4166 καί
1173 4106 1245 4168 τοὺσ
1262 4110 1292 4163 Μ

94 4250 122 4297 19
140 4243 244 4317 σχεδὸν
261 4239 380 4307 δπασαν
396 4249 458 4314 (hoc
475 4249 545 4316 ord.)
562 4249 588 4303 H
657 4254 716 4306 τῶν
733 4218 866 4321 άβαγίων
883 4247 997 4315 (εἱολ)Ρ
1076 4252 1105 4302 21
1127 4236 1203 4303 οὑτω
1225 4246 1273 4301 UB

90 4332 122 4380 22
140 4337 264 4390 τοσοῦτο
284 4334 363 4389 UBM
416 4339 448 4388 24
466 4330 630 4404 φαύλονσΡ
682 4330 860 4404 ἐλήλυθενλλ
913 4326 1290 4406 άναφάμενοσῖίιυ.ρε.,Β

90 4419 121 4466 25
140 4409 237 4472 ἕνεκεν
255 4417 295 4485 Η,
317 4415 401 4475 ἕνεκα
421 4419 504 4473 ceteri
591 4423 622 4473 27
642 4424 694 4476 τοῦ
712 4418 885 4492 σκαφηρέωσ
902 4418 924 4473 Ρ
1013 4421 1045 4472 29
1062 4421 1111 4473 καί
1129 4420 1232 4473 πολλαί
1250 4417 1272 4470 Ρ

90 4505 122 4553 30
140 4497 210 4572 μήτέ
227 4523 260 4573 γε
278 4501 338 4574 έργ.
358 4503 381 4558 U
399 4519 434 4558 m.
452 4520 494 4572 pr.
566 4509 596 4559 31
616 4501 790 4579 ἐργάσονται
807 4503 862 4559 UM
941 4507 973 4557 32
991 4498 1141 4576 παρελθὸν
1160 4503 1229 4557 Um.
1248 4517 1289 4571 pr.

1086 4593 1135 4643 13*
