3068 5160
561 341 696 397 ORATIO
714 341 815 398 XXXI.
1252 345 1313 404 227

58 518 119 592 τὰς
142 517 242 596 τιμάς
265 516 497 600 ἀναιρεῖσθαι,
519 517 580 577 κᾶν
603 517 797 602 ἐπιγραφῆς
820 536 912 590 τινος
935 519 1100 602 πρότερον
1120 517 1185 580 ὦσι
1208 540 1317 582 τετευ-

56 623 162 698 χότες.
208 610 271 680 εἰτ’
306 618 364 678 ούκ
394 620 532 702 αἰσχρόν
561 625 628 679 τῶν
652 619 761 679 αὐτῶν
785 614 901 694 ἀξιούν
923 621 1008 697 ὑμᾶς
1035 621 1113 694 τούς
1137 617 1317 702 όμολογου-

59 727 169 801 μόνως
191 722 368 803 ἀρίστους,
400 719 445 782 ὥν
468 722 546 794 τούς
570 720 705 800 ἀσεβεῖς
730 721 787 781 καί
808 721 887 793 τούς
910 721 1069 795 ἀνοσίους
1091 724 1262 802 τυγχάνειν
1286 725 1320 784 οἱ

61 826 160 902 νόμοι
182 819 390 898 κελεύουσιν,
422 822 474 896 οἰς
497 818 573 882 ούάἐ
602 829 714 906 ταφῆς
743 825 917 900 μέτεστιν,·
948 823 1034 883 ὥστε
1063 842 1125 902 μοι
1152 821 1371 903 όοκούσιν,29

23 939 38 988 5
62 928 143 1009 όσην
166 917 249 1007 παρ’
276 929 406 1009 ἑτέροις
428 926 543 1003 έχουσι
565 931 626 984 τοῦ
647 924 818 1001 τιμᾶσθαι
834 925 959 997 πάντες
975 924 1176 1003 ἐπιθυμίαν,
1199 930 1320 987 τοσαύ-

62 1048 121 1110 την
144 1028 163 1110 ἢ
186 1027 242 1087 καί
265 1023 407 1088 πλείονα
431 1022 517 1102 ἕξειν
541 1015 628 1108 παρ’
654 1026 742 1104 ὑμῖν,
766 1027 861 1099 ὅπως
875 1022 1048 1109 μηόέποτε
1064 1023 1239 1102 τεύξονται
1253 1035 1320 1090 τῶν

62 1131 225 1190 τοιούτων
247 1126 407 1212 μηόενός·
431 1130 498 1208 ὅσῳ
523 1129 582 1212 την
597 1127 694 1210 ὕβριν
709 1130 850 1200 ἐκαστος
864 1128 920 1188 καί
938 1129 976 1187 τὸ
994 1123 1322 1213 προπηλακισθῆναι

61 1226 176 1310 μεῖζον
198 1235 330 1316 ηγεῖται
352 1232 451 1291 κακόν
474 1231 493 1314 ἢ
519 1231 578 1313 τὴν
600 1231 700 1314 τιμὴν
724 1229 857 1309 ἀγαθόν
874 1231 1053 1306 νενόμικεν.
1092 1230 1122 1289 εἰ
1144 1237 1222 1310 γοῦν
1244 1251 1320 1291 τινα

63 1330 197 1393 καλοῖτε
220 1336 269 1406 εἰς
292 1329 477 1415 προεάρίαν
499 1332 518 1415 ἢ
544 1328 687 1415 πολίτην
711 1331 957 1413 ἀναγράφοιτε,
981 1327 1160 1409 μέλλοντες
1182 1331 1321 1415 ὕστερον

11 1440 41 1492 10
64 1437 266 1520 ἀναστήσειν
289 1436 307 1518 ἢ
325 1436 384 1518 την
401 1429 577 1493 πολιτείαν
593 1428 814 1515 ἀφελεῖσθαι,
839 1429 949 1492 πολλά
966 1433 1006 1493 ἀν
1024 1434 1222 1494 ἱκετεύσειεν
1237 1433 1321 1511 ὑμᾶς

17 1539 120 1597 ιωέἀν
145 1538 253 1597 αὐτόν.
299 1537 378 1608 τούς
401 1541 478 1615 γοῦν
507 1536 688 1617 τυράννους
715 1535 735 1618 ἢ
765 1535 844 1607 τούς
872 1531 1049 1614 βασιλέας,
1080 1532 1125 1594 ὥν
1155 1534 1259 1608 αὖθις
1289 1537 1322 1595 οἱ

62 1640 184 1718 βιαίως
207 1638 390 1721 ἀρχθέντες
412 1637 468 1697 καί
491 1639 698 1717 παρανόμως
720 1636 781 1710 τάς
804 1636 936 1710 εἰκόνας
958 1633 1091 1698 ἀνεῖλον
1105 1638 1161 1698 καί
1183 1637 1224 1696 τά
1249 1638 1321 1698 όνό-

60 1762 150 1818 ματα
174 1742 356 1824 ἠφάνισαν,
379 1739 464 1820 όπερ
489 1735 664 1816 οἶμαικαὶ
687 1730 745 1822 ἐφ’
771 1741 864 1817 ὑμῶν
889 1738 1084 1821 συμβέβηκε,
1112 1735 1320 1817 ἀιατεινάμε-

62 1862 119 1916 νος
148 1833 282 1919 εἴποιμ’
312 1842 367 1915 ἀν,
398 1840 429 1900 εἰ
458 1835 653 1922 προῄδεσαν
682 1846 780 1899 τοῦτο
809 1841 985 1917 ἐσόμενον,
1015 1831 1095 1922 μήτ’
1127 1840 1167 1899 ἀν
1190 1840 1321 1913 εἰκόνας

10 1952 39 2003 ll>
62 1948 189 2004 ἑαυτῶν
218 1943 316 2003 ἐᾶσαί
344 1962 419 2002 τινα
455 1949 578 2025 στησαι
606 1941 689 2023 μήτε
721 1941 868 2018 ὀνόματα
898 1942 1077 2024 ἐγγράψαι,
1207 1942 1319 2002 καίτοι
1332 1947 1371 2008 30

61 2053 161 2106 τούτο
186 2046 223 2103 ού
246 2047 349 2122 μόνον
372 2044 519 2115 ἐκείνους
542 2039 781 2120 ἀδικουμένους
802 2044 858 2101 καί
882 2038 975 2103 ἀεινά
999 2044 1208 2120 πάσχοντας,
1236 2038 1320 2102 ἀλλά

62 2149 118 2207 καί
133 2148 192 2229 την
209 2148 385 2228 πρόφασιν
403 2141 550 2205 δείκνυσι
572 2144 677 2227 κενήν,
702 2133 749 2203 δι’
774 2143 813 2225 ἢν
837 2141 920 2217 ἴσως
943 2145 1029 2223 ὑμᾶς
1051 2164 1141 2218 τινες
1156 2140 1320 2220 ἀξιώσου-

64 2265 99 2308 σι
128 2253 227 2306 τούτο
258 2250 385 2322 ποιεῖν,
417 2241 544 2323 μᾶλλον
574 2241 611 2305 ἀέ
634 2245 718 2305 κατά
742 2251 804 2304 τού
824 2247 1023 2327 πράγματος
1047 2246 1159 2307 οὖσαν.
1205 2248 1235 2308 εἰ
1257 2246 1319 2327 γάρ

63 2350 243 2428 ἀναγκαῖον
278 2349 346 2426 άμα
375 2348 431 2407 καί
462 2351 633 2431 συμφέρον
664 2348 831 2432 φήσουσιν
862 2344 949 2407 εἶναι
978 2350 1015 2408 τό
1046 2351 1180 2432 ἐτέρους
1211 2354 1319 2426 τιμᾶν,

10 2465 41 2515 10
64 2457 139 2524 πῶς
163 2450 220 2527 ούχ
242 2449 443 2509 ὑπεναντίον
466 2450 539 2510 ἐστί
560 2451 667 2529 τούτῳ
691 2450 770 2521 τούς
793 2451 959 2532 πρότερον
977 2451 1063 2509 ούτω
1080 2453 1319 2533 τετιμημένους

65 2546 227 2635 ὑβρίζειν,·
250 2550 269 2610 ἀ
291 2551 352 2634 γάρ
376 2557 443 2611 τῶν
467 2552 633 2632 πρότερόν
656 2571 708 2623 τις
727 2551 785 2610 ούκ
800 2550 840 2610 ἀν
856 2546 963 2612 είλετο
982 2548 1106 2631 λαβεῖν,
1130 2548 1230 2624 εἰδὼς
1245 2559 1319 2612 τού-

63 2674 101 2713 το
125 2655 295 2731 ἐσόμενον,
320 2659 394 2726 πῶς
417 2653 506 2725 εἰκός
529 2654 603 2712 ἐστι
625 2659 691 2713 τῶν
715 2659 771 2713 νύν
794 2672 869 2713 τινα
886 2648 995 2736 ηύέως
1019 2649 1200 2731 λαμβάνειν
1217 2654 1319 2735 όρῶν-

62 2778 103 2816 τα
126 2759 164 2816 τό
187 2758 381 2836 γιγνόμενον
389 2776 400 2828 ,·
424 2745 507 2814 ὥστ’
533 2754 564 2814 εἰ
585 2755 629 2838 μη
654 2755 710 2815 καί
733 2745 780 2814 δι’
806 2754 952 2827 ἐκείνους
977 2755 1056 2827 τούς
1077 2754 1208 2815 θᾶττον
1230 2755 1319 2837 εύερ-

62 2863 170 2938 γέτας,
194 2853 278 2917 ἀλλά
301 2859 442 2929 τούτους
464 2874 511 2935 γε,
536 2857 593 2928 ούς
616 2862 672 2916 νῦν
695 2863 855 2935 τιμῶμεν,
879 2857 967 2930 εἰκός
984 2851 1024 2939 ἦν
1041 2852 1265 2940 φυλάξασθαι
1280 2857 1318 2916 τύ

10 2976 39 3026 τε
62 2967 208 3043 πρᾶγμα.
266 2960 391 3030 πάντες
415 2957 561 3039 μὲνγὰρ
584 2958 749 3030 ὑπόπτως
772 2958 886 3036 έχουσι
910 2960 997 3042 πρὸς
1023 2959 1065 3019 τά
1093 2960 1161 3020 ύπό
1190 2961 1367 3024 τούτων31

63 3060 221 3140 όιάόμενα
240 3061 296 3132 ούς
313 3056 409 3118 ἴσασι
424 3063 490 3117 τῶν
512 3061 676 3141 πρότερόν
694 3051 792 3140 [τινα]
809 3061 1062 3122 ἐπαινεθέντων
1076 3063 1133 3122 καί
1149 3044 1338 3136 ἀοξάντων

63 3159 171 3245 φίλων
190 3162 295 3233 ούτως
312 3154 528 3236 ἀμελοῦντας,
551 3155 699 3237 μάλιστα
717 3157 752 3220 όέ
771 3161 804 3219 οἰ
818 3167 885 3221 τῶν
905 3162 1014 3224 αὐτῶν
1029 3166 1255 3245 τυγχάνοντες,
1273 3160 1318 3223 ὧν

62 3266 139 3337 τούς
162 3259 347 3347 εἰληφότας
370 3262 494 3343 ὁρῶσιν
511 3262 812 3344 ἀπεστερημένους.
851 3263 882 3322 εἰ
906 3259 941 3323 ἀὲ
966 3260 1004 3348 όη
1027 3267 1083 3327 καὶ
1105 3269 1200 3339 ὅπως
1224 3265 1320 3328 αὐτοὶ

62 3364 193 3446 λάβωσι
216 3371 315 3425 τοῦτο
337 3363 502 3443 γίγνοιτο,
525 3358 651 3440 μᾶλλον
675 3358 709 3422 ἀὲ
733 3365 828 3436 ὅπως
851 3359 995 3425 ἀοκῶσιν
1019 3362 1210 3450 εἰληφέναι,
1235 3384 1319 3427 παν-

10 3483 37 3532 30
60 3465 165 3541 τελῶς
192 3463 254 3550 η’όη
286 3467 324 3526 τό
349 3470 485 3547 πρᾶγμα
509 3465 683 3546 εἰρωνείαν
705 3466 761 3526 καί
780 3461 900 3548 χλεύην
923 3460 1125 3544 νομίζουσιν.
1171 3463 1259 3526 πολύ
1283 3462 1318 3526 ἀὲ

60 3568 193 3650 βέλτιον
215 3565 254 3652 ἦν
279 3565 385 3648 λέγειν
400 3571 473 3640 τοῖς
488 3564 708 3646 βουλομένοις
724 3559 892 3649 [ποιησαι]
910 3567 1011 3648 μικρά
1030 3562 1219 3650 φροντίζειν
1235 3569 1319 3646 ὑμᾶς

148 3817 371 3893 1τετνχηκότεσ
394 3819 444 3876 UT
532 3814 714 3889 λέσχρὸνῐί
801 3813 1055 3891 όμολογουμένουσ
1072 3818 1121 3874 UB
1208 3808 1313 3875 4030?

61 3907 126 3977 ἐμοὶ
143 3906 173 3961 Μ
243 3898 350 3976 6παρ’
367 3899 433 3973 ὑμῖν
451 3899 523 3970 ἕξειν
541 3903 603 3968 (hoc
620 3903 689 3968 ord.)
707 3903 758 3958 UT
827 3898 979 3970 τεύξωνται
993 3904 1043 3960 UT
1097 3909 1129 3958 10
1147 3897 1319 3975 ἀφελεῖσθαι

62 3994 91 4046 Μ
109 3987 267 4062 ἀφελέσθαι
286 3991 369 4045 ceteri
487 3993 515 4041 11
538 3982 590 4044 ἐὰν
609 3981 698 4045 αὐτὸν
715 3989 745 4042 M
868 3993 897 4043 13
917 3983 967 4062 ἐφ’
984 3984 1050 4059 ύμῖν
1067 3988 1141 4044 ΠΒΤ
1159 3988 1251 4042 malim
1267 3982 1318 4058 ἐφ’

60 4072 155 4148 ἡμῶν,
179 4083 210 4132 ut
226 4077 259 4131 de
277 4074 432 4130 Domitiano
458 4073 559 4140 cogitet
581 4072 630 4138 (ita
647 4075 702 4127 ism
720 4074 849 4140 Cobetus)
939 4079 971 4129 14
988 4069 1165 4146 προῄδεισαν
1186 4073 1250 4128 libri

64 4167 94 4216 15
112 4169 195 4219 τινασ
212 4160 285 4217 UBT
360 4163 391 4213 16
410 4154 506 4215 όεινάσ
523 4158 553 4209 Μ
624 4163 654 4212 19
673 4155 813 4230 φήσουσιν
831 4158 899 4215 νέον
916 4154 947 4215 αἰ
964 4179 991 4214 τι
1009 4156 1124 4230 ἑτέρους
1140 4157 1184 4225 Μ;
1203 4154 1238 4214 τὸ
1258 4154 1317 4214 ἑτέ·

62 4266 129 4318 ρους
147 4251 312 4314 corruptum,
329 4245 392 4299 fort.
412 4240 533 4315 φήσουσι
551 4244 688 4309 πλείονας
706 4248 756 4301 νῦν
772 4239 791 4314 ἢ
808 4239 956 4317 πρότερον
975 4246 1060 4311 τιμάν
1078 4241 1113 4296 cf.
1132 4258 1158 4311 p.
1173 4244 1232 4307 228,
1250 4246 1267 4296 4

60 4335 91 4385 21
111 4326 164 4386 τὸν
181 4346 230 4400 pro
248 4331 397 4386 τῶνῑίω.
410 4345 450 4397 pr.
537 4330 570 4380 23
588 4325 720 4385 έκείνουσ
737 4327 811 4402 γεΤ
889 4323 1186 4400 24τσύτοσγεῐίω.
1205 4342 1247 4396 pr.

60 4421 92 4471 26
110 4435 173 4472 τινα
191 4415 303 4470 seclusit
319 4416 399 4483 Emp.
504 4416 536 4466 29
559 4413 670 4484 γίνοιτο
687 4413 713 4468 U
730 4415 857 4485 γείνοιτο
875 4413 905 4466 Μ
1011 4417 1042 4466 30
1066 4412 1202 4483 εἰρωνίαν
1219 4411 1249 4466 Μ

60 4501 208 4571 νομίζουσι
225 4498 275 4555 UT
345 4502 376 4551 31
396 4501 513 4568 ποιῆσαι
530 4497 630 4552 seclusi

1060 4585 1112 4638 15*
