3068 5160
122 280 183 338 248
588 278 711 335 DIONIS
729 277 916 334 RHODIACA

123 448 181 517 ούκ
204 458 292 529 είκός
314 451 354 538 ἦν
378 456 559 539 φροντίσαι
578 444 688 516 αύτόν.
726 457 770 539 μὴ
795 455 906 514 τοίνυν
929 461 990 514 τοῦ
1007 414 1142 514 ΘασίουΙ
1159 453 1221 532 μέν
1237 450 1391 536 ἡγεῖσθε

122 557 347 641 ὑβρισθέντος
371 557 477 629 ούτιυς
499 557 728 641 ἀγανακτῆσαι
749 558 787 616 τό
812 551 1004 634 δαιμόνιον,
1034 561 1100 616 τῶν
1130 551 1165 616 δὲ
1189 544 1277 637 παρ’
1307 553 1392 632 ὑμῖν

66 662 107 724 99
123 663 351 743 τετιμημένων
372 655 499 741 μηδένα
522 655 672 743 θεοφιλῆ
696 656 784 719 εἶναι
806 653 891 740 μηδὲ
913 658 1017 741 ἥρωα.
1106 646 1144 716 ού
1168 656 1284 717 τοίνυν
1308 645 1391 715 οὐδὲ

123 767 223 822 τοῦτο
246 760 340 821 έστιν
363 760 474 821 εἰπεῖν
498 761 543 834 ὡς
574 752 632 822 ούκ
655 761 696 821 ἀν
717 760 774 821 καί
800 761 888 842 πρὸς
910 759 1037 843 ἔχθραν
1064 749 1125 819 ὑπ’
1152 759 1251 819 ἐνίων
1280 763 1391 817 τοῦτο

122 867 263 943 γένοιτο,
287 862 345 922 έάν
368 862 434 945 ἀρα
457 863 536 944 τύχῃ
559 883 612 936 τις
634 868 701 923 τῶν
721 864 995 946 στρατηγούντων
1010 867 1121 940 μισῶν
1136 881 1211 922 τινα
1227 865 1299 920 τῶν
1318 861 1391 942 πρό
1415 871 1429 919 1

123 964 233 1024 αύτοῦ.
272 965 309 1024 τό
325 971 403 1044 γοῦν
419 971 481 1025 τοῦ
496 963 682 1046 Θεαγένους
698 965 861 1047 ἀκηκόατε
877 966 923 1038 ὡς
940 963 1058 1046 συνέβη
1084 959 1140 1023 διά
1162 963 1219 1022 τόν
1246 961 1392 1045 φθόνον
1409 976 1439 1024 (ει

122 1067 259 1151 κοίτην
283 1059 488 1148 ζηλοτυπίαν
510 1069 569 1151 τὴν
592 1068 627 1127 έκ
649 1074 709 1151 τῆς
732 1063 918 1139 πολιτείας.
955 1067 1011 1128 καί
1026 1065 1087 1149 γάρ
1107 1065 1138 1126 εί
1159 1071 1214 1125 νῦν
1239 1066 1304 1126 ἐπὶ
1327 1067 1392 1144 μό-

123 1188 195 1242 νοις
217 1172 290 1241 τοῖς
313 1164 477 1241 παλαιοῖς
501 1150 581 1228 αύτό
605 1184 693 1253 φασι
714 1172 838 1243 ποιεῖν,
858 1170 980 1251 χρόνου
995 1186 1031 1248 γε
1047 1167 1239 1250 προϊόντος,
1265 1167 1391 1251 ῶσπερ

122 1271 182 1332 έπί
210 1272 348 1331 πάντων
378 1269 432 1330 ἀεί
463 1269 640 1350 συμβαίνει
662 1276 728 1331 τῶν
752 1265 891 1354 φαύλων
913 1269 1022 1346 ἐθῶν,
1052 1269 1175 1352 ἀνάγκη
1204 1268 1262 1328 καί
1284 1260 1389 1330 τοῦτ’

123 1372 183 1434 ἐπὶ
210 1366 314 1431 πλέον
345 1367 541 1454 προελθεῖν.
588 1367 663 1432 οὐδὲ
692 1371 754 1455 γάρ
785 1362 858 1432 οὐδ’
885 1371 1117 1432 αἰτιάσασθαι
1140 1369 1211 1430 οἷόν
1235 1389 1289 1446 τε,
1325 1363 1388 1431 ἐπ’
1416 1384 1439 1435 11

124 1470 215 1552 αύτῷ
237 1489 274 1552 γε
295 1467 374 1532 όλου
397 1479 459 1532 τοῦ
480 1475 678 1554 πράγματος
701 1474 805 1547 όντος.
850 1475 887 1558 νη
912 1463 985 1549 Δί’,
1009 1469 1093 1533 ἀλλά
1115 1468 1332 1533 κωλύσουσιν
1358 1475 1393 1535 ol

124 1575 361 1657 προσήκοντες.
399 1573 457 1635 ἐάν
474 1573 532 1635 ούν
548 1575 727 1659 ἀπόντεςῆ
746 1575 970 1658 ἀγνοήσαντες
985 1576 1139 1654 τύχωσιν,
1163 1575 1243 1634 όταν
1266 1581 1390 1655 γνῶσι,

123 1676 158 1737 τί
172 1676 380 1759 ποιήσομεν;
396 1676 461 1760 ἀρά
476 1695 512 1756 γε
530 1672 643 1759 δεήσει
657 1683 776 1738 τοῦτον
791 1677 1004 1759 ἐκχαράττειν
1021 1672 1134 1751 πάλιν,
1151 1674 1188 1736 δν
1205 1676 1245 1736 ἀν
1264 1676 1390 1761 φθάνῃ

123 1799 176 1852 τις
198 1779 412 1862 ἐπιγράψας,·

48 1883 108 1944 100
209 1882 299 1941 πάνυ
322 1881 434 1941 τοίνυν
458 1881 554 1954 ύντος
577 1880 708 1940 ἀτόπου
727 1885 788 1940 τοῦ
802 1884 1007 1960 γιγνομένου,
1030 1875 1157 1959 μᾶλλον
1175 1875 1210 1940 δὲ
1226 1880 1390 1961 ἀσεβοῦς,
1414 1893 1439 1944 15

124 1982 223 2067 ἦττον
246 1984 287 2044 ἀν
311 1978 420 2044 δεινόν
442 1977 498 2064 ἦν,
528 1983 559 2043 εί
580 1983 624 2066 μὴ
651 1977 707 2042 διά
730 1983 889 2065 τοιαύτην
912 1984 1089 2066 πρόφασιν
1114 1982 1307 2062 συνέβαινε,
1337 1975 1388 2046 δι’

125 2086 200 2146 οἵαν
223 2088 313 2158 τινές
337 2101 453 2168 φασιν,
478 2085 524 2159 ὡς
547 2079 818 2164 ἀπολογούμενοι
840 2085 920 2168 περὶ
941 2092 1000 2168 της
1017 2079 1159 2157 πόλεως.
1196 2085 1235 2144 τό
1251 2085 1317 2168 γάρ
1337 2078 1388 2148 δι>

125 2187 282 2271 ἀργύριον
312 2188 475 2269 πράττειν
506 2187 618 2247 ύτιοῦν
646 2192 713 2246 τῶν
748 2182 858 2260 άλλως
892 2186 1038 2269 αἰσχρῶν
1073 2187 1221 2260 άπαντες
1248 2186 1390 2266 αἴσχιον

124 2291 283 2372 ηγοῦνται
305 2294 367 2347 τοῦ
386 2278 470 2347 καθ’
503 2291 619 2370 ἑτέραν
648 2287 723 2347 τινά
748 2289 870 2349 αἰτίαν.
915 2290 995 2350 όταν
1025 2288 1082 2350 ούν
1109 2285 1390 2372 προβαλλόμενοι

125 2391 184 2474 την
214 2385 368 2472 δαπάνην
396 2390 453 2450 καί
481 2389 519 2448 τὸ
551 2385 621 2449 δεῖν
651 2384 843 2450 ἀναλίσκειν
872 2391 903 2450 εί
932 2390 1126 2474 ποιήσεσθε
1155 2394 1291 2474 ἐτέρους
1330 2393 1389 2454 ἀν·
1411 2405 1438 2456 2)

127 2487 304 2574 δριάντας,
335 2487 458 2566 ἀξιῶσι
480 2493 727 2573 παραπέμπειν
756 2492 795 2550 τό
819 2496 971 2574 πρᾶγμα,
1003 2488 1104 2576 δῆλον
1126 2493 1179 2554 ότι
1206 2487 1321 2572 μεῖζον
1346 2498 1387 2557 τὸ

126 2589 256 2667 ὄνειδος
284 2585 603 2667 κατασκευάζουσιν,
635 2592 666 2652 εί
691 2593 871 2674 χρημάτων
901 2596 995 2654 ἕνεκα
1020 2591 1132 2670 δόξετε
1156 2591 1300 2674 ἀδικεῖν,
1326 2602 1387 2662 καί

126 2703 230 2757 ταῦτα
254 2692 487 2769 πλουτοῦντες,
511 2695 557 2766 ὡς
581 2688 713 2767 ούδένες
735 2689 833 2755 άλλοι
855 2685 1110 2779 τῶνἙλλήνων.
1369 2760 1374 2765 ,

47 2800 107 2861 101
211 2799 322 2858 καίτοι
346 2797 380 2856 τί
403 2792 531 2879 δήποτε
552 2795 612 2856 ἐπί
633 2794 694 2872 μὲν
717 2802 783 2858 τῶν
806 2799 982 2881 προγόνων
1005 2799 1097 2878 ὑμῶν
1114 2798 1218 2861 ούθὲν
1234 2800 1380 2882 ἐγίγνετο

124 2905 296 2973 τοιοῦτον,
327 2897 384 2956 ούκ
407 2898 549 2974 ἑχόντων
573 2895 682 2957 αὐτῶν
705 2894 848 2960 πλείονα
869 2900 889 2984 ἢ
914 2907 970 2962 νῦν
993 2901 1084 2979 ἔχετε
1105 2903 1219 2980 ύμεῖς;
1244 2905 1297 2964 ότι
1318 2903 1383 2988 γάρ
1408 2914 1438 2964 25

126 2989 207 3060 οὔθ’
233 3002 252 3082 η
276 3006 379 3082 νῆσος
398 2999 520 3081 χείρων
542 3001 657 3078 γέγονε
678 3000 734 3061 καὶ
755 3002 815 3086 την
830 3002 964 3086 Καρίαν
978 3004 1180 3087 καρποῦσθε
1201 3005 1258 3065 καί
1278 3010 1385 3089 μέρος

124 3121 159 3161 τι
181 3108 240 3184 τῆς
262 3101 396 3174 Λυκίας
417 3101 473 3161 καὶ
496 3096 615 3174 πόλεις
637 3102 836 3187 ὑποφόρους
857 3105 1040 3188 κέκτησθε,
1069 3107 1126 3167 καί
1150 3107 1305 3190 χρήματα
1329 3108 1387 3171 ἀεὶ

125 3197 236 3262 πολλὰ
259 3203 327 3263 ύπό
351 3198 486 3262 πολλῶν
510 3202 713 3266 ἀνατίθεται
735 3202 782 3286 τῷ
806 3202 899 3290 δήμῳ
922 3208 979 3268 καί
1000 3215 1067 3270 τῶν
1083 3210 1248 3291 πρότερον
1272 3205 1385 3284 οὐδεὶς

49 3305 109 3368 102
126 3300 310 3388 ἀφῄρηται,
333 3305 468 3387 μηθένα
491 3299 642 3384 νομίζετε
658 3306 799 3386 ἀγνοεῖν.
837 3309 972 3394 καὶμὴν
988 3306 1065 3371 οῦδὲ
1083 3306 1237 3371 δαπανᾶν
1255 3312 1385 3393 φήσετε

122 3401 227 3488 <τῶν>
240 3407 317 3468 τότε
332 3403 466 3486 μᾶλλον.
504 3408 581 3468 τότε
596 3407 733 3490 μὲνγὰρ
751 3409 800 3482 είς
816 3401 929 3471 πάνθ’
947 3413 1010 3472 όσα
1028 3412 1084 3473 καί
1099 3418 1155 3472 νῦν
1171 3407 1384 3492 ἀνηλίσκετο,
1410 3425 1438 3476 311

125 3510 338 3593 πανηγύρεις,
362 3511 516 3588 πομπάς,
541 3510 745 3593 ἱερουργίας,
771 3511 819 3584 είς
841 3512 883 3572 τά
906 3513 1014 3596 τείχη,
1037 3517 1109 3585 τοῖς
1132 3506 1314 3587 δικάζουσι,
1338 3523 1384 3600 τῇ

212 3790 377 3863 Ῑὴγεῖσθαι
399 3790 428 3842 Μ
515 3785 594 3858 4ὡς
615 3791 726 3861 scripsi,
751 3782 831 3861 δ’πως
854 3795 917 3849 libri
1005 3799 1034 3848 10
1058 3788 1116 3866 γάρ
1140 3788 1245 3852 ούδὲΒ
1331 3794 1383 3854 ἐπ’

125 3869 196 3933 αύτύ
214 3895 247 3946 γε
265 3875 340 3930 UBT
429 3878 460 3929 12
480 3867 642 3933 ούνοω.Τ
691 3881 764 3956 113
783 3880 813 3935 τί
831 3871 928 3937 ούνΜ
1013 3875 1114 3952 φθάσῃ
1131 3881 1222 3935 malim
1240 3898 1301 3936 cum
1318 3884 1383 3937 Em-

123 4011 197 4079 perio
270 4014 301 4064 16
319 4007 486 4083 συνέβαινεν
503 4011 552 4066 UT
606 4017 636 4066 17
655 4005 692 4070 δι’
711 4029 762 4070 om.
780 4013 812 4068 M
874 4018 905 4070 10
924 3984 1022 4073 ommi
1035 4017 1059 4072 Τ
1129 4023 1161 4073 20
1181 4019 1207 4076 εί
1223 4016 1383 4092 ποιήσεσθε

124 4095 189 4150 Wil.
208 4091 226 4164 ἢ
243 4091 421 4167 ποιήσασθαι
438 4097 500 4151 libri
576 4100 607 4152 21
627 4092 741 4165 ἀξιώσει
758 4099 838 4156 BMU
856 4116 891 4156 m.
904 4117 946 4170 pr.
1016 4098 1051 4160 τὸ
1070 4098 1184 4161 δνειόοσ
1200 4108 1301 4174 μεῖζον
1319 4106 1383 4168 (hoe

124 4180 194 4245 ord.)
211 4180 286 4236 UBT
339 4184 369 4235 23
390 4177 486 4248 δόξετε
498 4181 603 4251 scripsi,
622 4179 735 4250 δόξουσι
745 4183 808 4239 libri
877 4177 959 4244 οὐδὲν
971 4186 999 4244 εί
1008 4187 1038 4242 Μ
1107 4193 1139 4244 25
1158 4186 1220 4246 ούτι
1231 4185 1287 4261 γάρ
1300 4190 1330 4243 Μ

125 4270 157 4320 20
175 4262 191 4337 ἡ
210 4263 304 4323 νύσοσ
321 4266 351 4318 Μ
428 4271 613 4338 καρποῦσθαι
631 4269 662 4323 Μ
739 4272 772 4324 28
790 4262 977 4327 ἀνατίθενται
994 4272 1064 4338 libri,
1083 4289 1152 4327 corr.
1171 4274 1251 4327 Dind.
1322 4281 1382 4332 τῶν

124 4345 279 4420 προτέρων
296 4351 369 4406 UBT
438 4351 610 4408 scribendum
629 4347 711 4411 οὐδὲν
784 4357 817 4408 20
835 4351 941 4426 μηδένα
959 4354 983 4409 Τ
1060 4354 1166 4427 φήσετε
1184 4353 1253 4414 τότε
1270 4363 1382 4427 μᾶλλον

124 4433 204 4488 UBM
223 4430 328 4504 φήσετε
346 4440 395 4492 νῦν
411 4440 522 4504 μᾶλλον
541 4437 572 4503 Τ,
591 4453 660 4492 corr.
680 4438 744 4493 Wil.
815 4442 847 4492 30
866 4434 901 4495 τὸ
919 4439 972 4508 μὲν
989 4439 1019 4493 Μ
1089 4445 1118 4494 31
1139 4438 1298 4516 πανήγυρισ
1316 4446 1346 4499 Μ
