3068 5160
199 320 261 378 154
670 319 793 376 DlONIS
812 319 977 376 TROIANA

198 486 274 557 οὐδὲ
299 502 397 556 τοῦτο
423 491 568 569 όνειδος·
592 491 676 556 ἀλλά
698 495 755 556 καί
777 491 984 571 ἀποδέξαιτο
1008 497 1049 556 ἀν
1071 514 1124 567 τις
1146 489 1277 573 μέλλων
1293 491 1454 578 ἀποθνῄ-

199 613 298 673 σκειν,
323 597 439 679 ὥσπερ
463 600 481 659 ό
503 616 539 677 γε
558 587 739 675 Ἀχιλλεύς
762 598 953 680 πεποίηται
976 593 1089 678 λέγων,

284 701 330 773 ὥς
351 689 389 777 μ’
416 690 513 782 ὄφελ’
531 689 654 783 Ἕκτωρ
676 703 813 775 κτεῖναι,
837 698 875 773 ός
897 695 1023 760 ἐνθάδε
1045 689 1188 782 τέτραφ)
1214 700 1365 781 ἀριστος.

119 805 180 866 152
195 804 253 864 τόν
277 798 312 863 δέ
336 802 476 885 ἀριστον
500 803 578 862 ὄντα
601 808 667 863 τῶν
679 791 838 884 Ἑλλῆνων
860 802 928 862 ύπό
952 807 1014 862 τοῦ
1029 796 1243 885 φαυλοτάτου
1266 806 1334 861 τῶν
1351 795 1454 860 πολε·

196 905 284 984 μίων
307 903 501 964 ἀποθανεῖν
523 901 570 984 τῴ
595 904 665 964 όντι
686 906 770 984 μέγα
795 899 942 977 όνειδος·
973 903 1101 981 ὁμοίως
1124 898 1159 964 δὲ
1182 904 1240 964 τόν
1263 908 1342 963 νοῦν
1366 902 1455 981 ἔχειν
1477 912 1491 962 5

198 1003 359 1068 δοκοῦντα
381 1006 437 1067 καί
461 1009 741 1089 σωφρονέστατον
770 1003 859 1066 εἶναι
886 1012 953 1066 τῶν
971 995 1131 1088 Ἑλλήνων
1160 1010 1297 1087 πρῶτον
1326 1004 1389 1082 μέν
1411 1004 1454 1064 τά

198 1108 354 1193 πρόβατα
377 1109 434 1169 καί
456 1109 534 1182 τούς
557 1108 637 1188 βοῦς
660 1108 906 1192 ἀποσφάττειν,
930 1103 1134 1188 βουλόμενον
1149 1107 1350 1168 ἀποκτεῖναι
1373 1107 1454 1180 τούς

119 1213 179 1276 153
195 1207 366 1291 βασιλέας,
390 1206 583 1294 ὕστερονδὲ
609 1211 708 1271 αύτόν
724 1206 854 1271 ἀνελεῖν
876 1206 991 1271 όπλων
1014 1211 1121 1270 ένεκεν
1140 1206 1324 1286 αἴσχιστον.
1365 1208 1455 1291 πρός
1468 1222 1531 1274 (193

199 1310 234 1374 δέ
263 1314 398 1385 τούτοις
417 1305 658 1374 Ἀστυάνακτα
681 1313 742 1390 μέν
765 1308 887 1394 ἀνδρὸς
917 1312 1054 1392 ἀγαθοῦ
1082 1306 1190 1372 παῖδα
1221 1311 1328 1384 ούτως
1351 1311 1455 1389 ὠμῶς

198 1411 327 1476 ἀνελεῖν
356 1415 527 1497 ῥίψαντας
561 1415 631 1475 ἀπό
661 1421 723 1475 τοῦ
749 1415 896 1492 τείχους,
930 1415 987 1476 καί
1014 1420 1119 1474 ταῦτα
1147 1419 1243 1496 κοινῆ
1273 1407 1376 1488 δόξαν
1406 1407 1455 1492 τῴ
1479 1422 1506 1473 1ο

200 1513 418 1600 στρατοπέδῳ
448 1518 503 1578 καί
531 1521 604 1590 τοῖς
633 1513 827 1596 βασιλεῦσι·
860 1512 1054 1600 Πολυξένην
1089 1512 1124 1578 δέ
1155 1514 1331 1598 παρθένον
1367 1513 1454 1572 ἀπο-

200 1622 363 1703 σφάττειν
385 1619 445 1679 έπί
467 1621 564 1702 τάφῳ
588 1620 645 1680 καί
666 1621 827 1692 τοιαύτας
846 1617 990 1696 χεῖσθαι
1008 1617 1092 1695 χοάς
1114 1614 1161 1698 τῷ
1184 1625 1244 1702 τῆς
1265 1615 1354 1688 θεάς
1369 1615 1454 1676 υίεῖ·

199 1717 426 1803 Κασσάνδραν
450 1717 502 1796 δέ,
533 1726 664 1803 παναγῆ
687 1721 804 1803 κόρην,
836 1721 961 1802 ἱέρειαν
984 1725 1047 1779 τοῦ
1065 1709 1307 1794 Ἀπόλλωνος,
1341 1718 1377 1777 έν
1406 1712 1455 1796 τῷ

198 1827 329 1902 τεμένει
346 1823 525 1908 φθαρῆναι
539 1830 598 1907 τῆς
610 1813 779 1906 Ἀθηνᾶς,
802 1823 961 1906 ἐχομένην
981 1827 1043 1882 τοῦ
1056 1816 1257 1901 ἀγάλματος,
1280 1820 1455 1881 καὶτοῦτο

199 1921 327 2008 πρᾶξαι
348 1922 476 2009 μηδένα
493 1931 559 1985 τῶν
585 1920 723 2009 φαύλων
746 1920 830 2008 μηδὲΙ
854 1929 921 1984 τῶν
944 1919 1100 1998 ἀναξίων,
1124 1913 1199 1983 ἀλλ’
1225 1925 1332 2004 ὅσπερ
1355 1915 1396 2004 ἦν
1419 1921 1455 1981 έν
1479 1932 1506 1983 15

120 2029 181 2090 154
196 2032 269 2102 τοῖς
292 2028 461 2111 ἀρίστοις·
485 2027 643 2110 Πρίαμον
667 2024 702 2088 δέ
725 2028 783 2087 τόν
799 2022 942 2106 βασιλέα
958 2034 1017 2111 τῆς
1029 2017 1157 2100 Ἀσίας
1172 2026 1206 2086 έν
1223 2025 1351 2104 ἐσχάτῳ
1369 2023 1455 2107 γήρᾳ

199 2130 462 2213 κατατρωθέντα
487 2129 580 2212 παρὰ
603 2130 661 2190 τόν
689 2135 751 2190 τοῦ
771 2130 857 2202 Διὸς
885 2129 1015 2209 βιομόν,
1046 2119 1109 2214 ἀφ’
1144 2125 1186 2188 ού
1211 2128 1249 2188 τδ
1278 2129 1375 2207 γένος
1403 2119 1454 2207 ἦν,

199 2224 258 2292 ἐπ’
278 2224 368 2313 αύτῷ
387 2238 567 2316 σφαγῆναι,
589 2231 646 2292 καί
660 2227 744 2314 μηδὲ
761 2238 860 2292 τοῦτο
877 2231 1061 2314 είργάσθαι
1076 2226 1203 2316 μηδένα
1218 2235 1285 2290 τῶν
1301 2228 1454 2312 ἀφανῶν,

200 2330 284 2394 ἀλλά
313 2335 371 2395 τόν
402 2340 464 2393 τοῦ
489 2325 679 2411 Ἀχιλλέως
706 2335 798 2409 υίόν,
833 2334 890 2394 καί
917 2341 1022 2394 ταῦτα
1058 2333 1263 2394 ἑστιαθέντα
1291 2331 1360 2392 ύπό
1394 2336 1458 2390 τοῦ

200 2437 330 2517 πατρός
364 2425 469 2495 αὐτοῦ
499 2435 555 2496 καί
586 2435 742 2495 σωθέντα
771 2426 833 2495 ύπ)
867 2436 994 2496 ἐκείνου
1028 2437 1210 2519 πρότερον·
1240 2423 1378 2516 Ἑκάβην
1409 2427 1455 2508 δέ,
1478 2441 1506 2493 11

200 2533 362 2621 δύστηνον
385 2538 557 2597 τοσούτων
579 2539 707 2620 μητέρα
731 2532 881 2614 παίδων,
907 2528 1068 2600 Ὀδυσσεῖ
1091 2533 1239 2620 δοθῆναι
1266 2535 1327 2596 έπί
1348 2533 1455 2616 ὕβρει,

199 2639 268 2700 ύπό
295 2660 331 2701 τε
360 2646 423 2700 τοῦ
448 2639 616 2720 μεγέθους
644 2644 711 2699 τῶν
740 2645 848 2700 κακῶν
879 2642 967 2702 πάνυ
996 2635 1136 2720 γελοίως
1164 2640 1245 2700 κύνα
1274 2635 1455 2719 γενέσθαι·

199 2742 257 2802 τόν
281 2738 316 2803 δέ
339 2737 483 2823 βασιλέα
505 2747 572 2802 τῶν
591 2731 750 2825 Ἑλλήνων
773 2743 832 2826 τῆν
857 2741 949 2825 ίεράν
964 2744 1064 2826 κόρην
1086 2748 1148 2802 τοῦ
1164 2732 1392 2815 Ἀπόλλωνος,
1415 2738 1456 2822 ῆν

201 2834 310 2917 ούδείς
333 2841 496 2928 ἐτόλμησε
519 2852 623 2929 γῆμαι
653 2839 709 2904 διά
738 2845 796 2904 τόν
825 2844 926 2919 θεόν,
957 2832 1056 2904 αι’τόν
1085 2843 1278 2924 ἀγαγέσθαι
1304 2845 1455 2924 γυναῖκα,

200 2945 282 3005 ὅθεν
304 2941 399 3020 ἔδοξε
416 2947 616 3029 τεθνηκέναι
633 2941 788 3019 δικαίως·
813 2948 911 3026 πόσῳ
934 2946 1073 3029 κρείττω
1097 2953 1202 3007 ταῦτα
1225 2946 1269 3030 μῆ
1292 2945 1455 3026 γενόμενα
1479 2952 1507 3004 11

200 3050 273 3119 τοῖς
287 3038 441 3131 Ἕλλησιν
464 3049 483 3132 ῆ
511 3048 636 3130 Τροίαν
659 3044 787 3109 ἁλῶναι
794 3069 806 3122 ,·

286 3298 301 3348 2
320 3284 419 3368 ὥσπερ
429 3290 486 3368 γὰρ
498 3286 637 3366 Ἀχιλλεὺσ
648 3293 728 3349 ΠΒΜ
741 3289 839 3366 ὥσπερ
856 3315 888 3366 γε
901 3288 955 3366 Ἂχ.
971 3293 1003 3360 Τ,
1022 3308 1091 3349 corr.
1105 3293 1184 3363 Emp.
1237 3291 1379 3364 πεποίηκε
1392 3290 1422 3346 Μ

201 3383 215 3435 8
234 3375 383 3451 αἴσχιστον
407 3381 486 3446 Wil.,
510 3378 643 3451 αἴσχιστα
667 3380 696 3434 Μ
715 3377 847 3451 αἴσχιστα
871 3377 947 3437 ἀνΒ
971 3375 1120 3450 αἴσχιστον
1143 3373 1222 3436 ἀνῐί
1245 3376 1397 3450 αἴσχιστον
1418 3371 1457 3436 ἀν

200 3461 278 3537 εἷἠΤ
332 3458 499 3532 1οόόξαντα
511 3465 581 3531 libri,
601 3480 671 3520 corr.
684 3464 764 3534 Emp.
820 3471 847 3519 11
862 3464 1065 3540 βασιλεῦσινΜ
1117 3457 1316 3534 ἀποσφάττειν
1334 3461 1421 3518 omli*

202 3557 233 3608 18
256 3556 371 3624 παναγῆ
387 3552 477 3620 Emp.,
494 3554 612 3623 παναπῆ
629 3549 660 3603 Μ
678 3553 863 3621 κανευπρεπῆ
881 3551 963 3606 ceteri
1024 3554 1056 3604 14
1074 3549 1274 3621 φύαρεῖναιΠ
1339 3553 1370 3603 15
1390 3541 1458 3606 ἀλλ’

201 3628 301 3708 ὥσπερ
313 3637 342 3690 Μ
354 3629 418 3694 ἀλλ’
433 3627 506 3706 ὅπερ
519 3637 541 3689 Β
596 3640 625 3690 11
639 3637 692 3691 τοῦ
709 3629 773 3691 όιὸσ
785 3630 839 3692 τὸν
850 3635 912 3701 (hoc
924 3635 993 3701 ord.)
1005 3633 1079 3691 UBT
1133 3637 1165 3689 19
1182 3627 1359 3692 ἐσθιαθὲντα
1372 3632 1404 3688 Μ

200 3716 280 3795 παρὰ
297 3737 348 3790 pro
365 3717 486 3779 διιδΙΙΤ
556 3725 588 3774 20
606 3722 654 3775 καί
667 3722 709 3774 τῶ
719 3720 750 3774 Μ
819 3716 1037 3777 11όύστινονΰ
1102 3722 1134 3774 23
1152 3716 1244 3791 κόρην
1262 3711 1322 3776 ἀπὸ
1336 3717 1370 3783 (Β
1387 3716 1458 3787 ἀπὸ)

200 3805 263 3861 libri
332 3811 365 3860 25
383 3810 430 3864 καί
449 3805 532 3882 πόσην
549 3805 580 3859 Μ

729 4033 929 4040 W
