3068 5160
209 310 270 371 120
680 309 804 366 DIONIS
822 308 987 365 TROIANA

208 484 360 564 ἀξιοῦσα.
407 477 483 547 ούδέ
513 485 575 568 γὰρ
605 491 671 545 τῶν
701 485 898 571 ἀνθρώπων
927 486 1015 559 είκδς
1044 480 1146 545 ἄλλον
1169 483 1245 546 τινὰ
1268 479 1399 544 είδόναι
1422 484 1460 544 τύ

208 595 358 664 τοιαῦτα,
375 585 497 672 ἀνδρδς
511 588 567 648 καί
581 588 735 668 γυναικὸς
752 584 1007 671 διαφερομένων
1022 588 1078 648 καὶ
1095 583 1341 671 λοιδορούντων
1353 586 1460 647 ἐνίοτε

208 687 380 776 ἀλλήλους.
417 691 473 750 καί
491 690 549 750 τόν
560 679 723 749 Ὀδυσσέα
740 689 926 773 πεποίηκεν
942 688 1242 774 ἐπανορθούμενον
1257 689 1296 748 τδ
1314 694 1459 763 τοιοῦτο,

206 795 250 878 μη
288 788 367 875 δόξη
398 785 528 866 ἀλαζών
559 787 776 874 διηγούμενος
805 791 883 864 τούς
912 791 1006 874 παρὰ
1035 795 1108 864 τοῖς
1134 791 1233 864 θεοῖς
1262 793 1460 870 γενομένους

207 896 292 978 ὑπὲρ
321 895 424 953 αὑτοῦ
447 888 574 974 λόγους.
620 893 685 976 ἔφη
709 892 771 976 γὰρ
794 893 938 954 ἀκοῦσαι
959 901 1019 979 τῆς
1042 889 1246 974 Καλυψοῦς,
1274 892 1405 971 ἐκείνην
1429 888 1493 952 ddi

208 997 302 1078 παρά
329 1014 388 1055 του
412 994 612 1055 πυθέσθαι·
636 995 715 1079 περί
731 995 836 1056 αὑτοῦ
850 991 885 1056 δὲ
903 991 998 1056 ούδέν
1013 1002 1168 1057 τοιοῦτον
1184 992 1313 1079 εἴρηκεν
1329 997 1384 1056 ύτι
1401 997 1460 1055 πύ-

157 1098 310 1161 21θοιτο
341 1097 434 1180 παρὰ
461 1096 549 1158 θεοῦ
570 1115 671 1170 τινος.
718 1097 804 1158 ούτω
829 1098 917 1157 πάνυ
938 1099 1140 1182 κατεφρόνει
1161 1104 1228 1159 τῶν
1251 1097 1486 1180 ἀνθρώπων,Ι

206 1200 262 1261 καί
291 1199 394 1260 ούθέν
428 1197 517 1280 αύτῴ
548 1194 678 1277 ἔμελεν,
708 1200 739 1260 εί
762 1195 854 1275 δόξει
874 1198 986 1282 μηθέν
1023 1195 1128 1279 λέγειν
1152 1195 1290 1283 ἀληθές.
1338 1199 1377 1258 ού
1400 1199 1459 1282 γύρ

208 1297 246 1385 δη
277 1303 411 1362 πείσειν
439 1318 475 1381 γε
505 1295 637 1380 ἐνόμιζέ
665 1321 741 1362 τινα
771 1302 817 1374 ὡς
843 1301 1024 1361 ἐπίσταιτο
1047 1301 1125 1374 τούς
1148 1300 1242 1385 παρὰ
1265 1304 1340 1374 τοῖς
1363 1300 1460 1374 θεοῖς

206 1407 403 1484 γενομένους
436 1403 522 1486 ύπέρ
558 1404 662 1464 αὑτοῦ
690 1400 817 1484 λόγους.
869 1395 946 1487 [ἔφη
976 1403 1038 1487 γὰρ
1068 1404 1212 1464 ἀκούσαι
1242 1403 1380 1464 ἅπαντα
1408 1405 1462 1464 καὶ
1481 1409 1504 1461 10

207 1505 286 1577 τούς
315 1500 463 1593 πολλούς
491 1497 632 1584 ἔπεισε]
680 1501 846 1589 διηγεῖται
876 1501 911 1566 δέ
943 1507 999 1567 καί
1027 1507 1086 1590 τὴν
1116 1505 1296 1566 συνουσίαν
1319 1507 1380 1591 τὴν
1403 1513 1463 1567 τού

206 1607 293 1680 Διδς
323 1607 410 1689 πρδς
439 1598 623 1691 τηνἭραν
652 1608 686 1667 ἐν
714 1615 756 1690 τῇ
772 1597 841 1690 Ἴδη
870 1611 1049 1692 γενομένην
1077 1607 1133 1668 καί
1158 1608 1237 1682 τούς
1261 1603 1382 1689 λόγους
1406 1610 1461 1682 ούς

208 1705 284 1768 εἷπε
309 1709 375 1792 πρὸ
399 1715 458 1793 τῆς
483 1709 679 1784 συνουσίας,
708 1711 754 1783 ώς
778 1709 878 1784 αύτδς
900 1711 1057 1794 έωρακώς
1079 1729 1115 1770 τε
1136 1710 1193 1770 καί
1215 1709 1378 1794 ἀκηκοώς,
1407 1713 1461 1772 καὶ

209 1807 305 1872 οὐδὲν
328 1811 428 1871 αὐτόν
451 1806 625 1886 ἐκώλυσεν,
649 1812 695 1885 ώς
718 1812 816 1888 ἔοικε,
839 1812 877 1872 τδ
901 1815 1014 1896 νέφος,
1038 1810 1056 1871 δ
1075 1808 1324 1895 περιεκάλυψεν
1340 1815 1361 1874 δ
1377 1815 1461 1887 Ζεύς

207 1920 269 1974 τοῦ
288 1915 332 1998 μη
359 1915 505 1998 φανερδς
526 1912 698 1994 γενέσθαι.
1481 1920 1506 1972 it

156 2046 197 2107 22
249 2099 255 2110 .
273 2050 407 2123 τούτοις
420 2047 455 2111 δέ
468 2049 618 2133 ἐπέθηκε
630 2049 688 2110 τόν
698 2045 793 2110 κολο-
929 2052 1036 2132 πέρας
1047 2045 1084 2133 δη
1098 2048 1329 2112 ἐπιτέθεικεν·
1343 2051 1460 2135 ὥσπερ

208 2158 306 2236 φώνα
320 2148 452 2229 σχεδόν·
467 2153 590 2236 ἵναγύρ
602 2154 646 2237 μὴ
658 2153 793 2236 ἀπορῶ·
871 2150 933 2234 γὰρ
955 2154 1028 2224 τοῖς
1042 2151 1229 2236 βαρβάροις
1246 2149 1462 2235 διαλέγονται

103 2261 155 2313 1157
164 2260 195 2310 Μ)
208 2273 269 2332 μεν
281 2257 376 2328 ὅπως
387 2251 490 2330 ξυνίει
499 2255 675 2331 τῶνθεῶν,
689 2255 794 2328 ούτως
874 2253 907 2313 οἱ
928 2248 1106 2334 δίγλωττοι
1120 2250 1322 2334 καλούμενοι
1336 2257 1395 2317 καί
1410 2260 1461 2340 έρ-

208 2351 398 2437 διαλέγεται
407 2361 487 2442 ημῖν
499 2354 795 2436 σχεδδνώςέμπει-
872 2355 1070 2438 μηνεύοντες
1081 2355 1196 2431 αὐτοῖς
1205 2357 1247 2417 τὰ
1258 2347 1343 2442 παρ’
1355 2362 1460 2443 ημῶν,

207 2477 266 2539 ρος
288 2465 347 2543 τῆς
369 2465 436 2520 τῶν
451 2459 545 2520 θεῶν
559 2455 718 2542 γλώττης,
741 2458 797 2518 καί
827 2467 841 2516 5
875 2457 981 2530 οὕτως
996 2448 1143 2542 Ὅμηρος
1160 2462 1240 2542 ημῖν
1257 2455 1460 2542 διαλέγεται,

207 2561 259 2620 ότι
283 2561 341 2639 ούχ
362 2565 381 2645 η
403 2562 484 2646 αύτη
503 2563 577 2622 ἐστι
592 2569 633 2644 τῇ
648 2563 793 2644 ἡμετέρᾳ
871 2558 912 2618 τύ
936 2560 1029 2642 παρὰ
1052 2565 1119 2620 τῶν
1142 2559 1235 2620 θεῶν
1258 2563 1460 2645 ἑρμηνεύων,

208 2657 284 2722 ούδέ
307 2661 348 2722 τύ
373 2663 457 2724 αὐτὰ
477 2665 626 2744 ὀνόματα
642 2654 701 2747 ἐφ’
720 2665 793 2724 έκύ-
872 2659 987 2742 ὥσπερ
1018 2661 1245 2740 ἐπιστάμενος
1273 2663 1334 2748 την
1357 2663 1461 2724 θείαν

208 2778 274 2844 στῳ
307 2760 459 2845 λέγουσιν
488 2767 576 2850 ἅπερ
605 2767 661 2827 καί
685 2769 792 2849 ημεῖς.
872 2756 1062 2823 διάλεκτον·
1079 2769 1216 2846 πρῶτον
1230 2765 1459 2850 μένότιούχη

207 2861 412 2928 ἐνδείκνυται
428 2863 463 2928 δὲ
480 2875 585 2928 ταῦτα
601 2869 660 2928 ἐπί
676 2868 792 2950 ὀρνέου
872 2862 953 2946 αὐτή
983 2865 1057 2924 ἐστι
1082 2871 1132 2948 τῇ·
1145 2869 1291 2950 ἡμετέρα
1315 2858 1395 2928 ούδὲ
1419 2868 1461 2928 τὰ

207 2969 314 3043 τινός,
344 2972 362 3030 ό
393 2985 478 3053 φησι
504 2971 583 3043 τούς
604 2971 664 3047 μὲν
687 2969 793 3042 θεούς
822 2975 850 3026 10
872 2954 956 3024 αὐτὰ
987 2968 1081 3049 παρά
1111 2987 1147 3028 τε
1176 2970 1256 3052 ημῖν
1283 2969 1341 3030 καί
1372 2962 1457 3053 παρ’

204 3065 345 3146 χαλκίδα
365 3066 488 3142 καλεῖν,
511 3072 590 3144 τούς
607 3066 641 3131 δὲ
658 3071 792 3155 ἀνθρώ·
870 3067 1011 3140 ἐκείνοις
1024 3068 1182 3148 ὀνόματα,
1195 3071 1316 3132 ἔπειτα
1324 3067 1461 3155 ἐξηγού-

207 3189 294 3244 πους
322 3169 491 3251 κύμινδιν,
518 3174 574 3234 καί
602 3173 662 3234 ἐπὶ
684 3175 792 3234 τόπου
869 3187 970 3248 μενος
989 3172 1069 3255 περί
1084 3191 1194 3249 τινων,
1218 3174 1314 3247 ὅπως
1331 3174 1366 3234 οἱ
1381 3174 1462 3235 θεοί

206 3274 298 3347 τινός
321 3276 388 3357 πρὸ
412 3282 471 3359 τῆς
494 3269 637 3350 πόλεως,
661 3273 699 3335 δν
714 3276 793 3348 τούς
870 3266 1073 3350 νομίζουσιν,
1091 3272 1164 3335 οἷον
1179 3276 1232 3335 ότι
1247 3275 1306 3360 την
1316 3272 1460 3353 χαλκίδα

205 3377 266 3455 μὲν
297 3375 504 3459 ἀνθρώπους
527 3376 689 3437 Βατίειαν
720 3378 792 3438 όνο-
869 3371 1022 3453 κύμινδιν
1039 3375 1073 3434 οί
1087 3371 1335 3438 θεοέκαλούσι·
1352 3381 1460 3439 τόπον

293 3587 402 3661 κέπί)
419 3593 478 3646 τών
494 3590 558 3648 Wii.
628 3585 715 3648 4τὸν
731 3590 784 3659 μὲν
802 3590 831 3643 Μ
900 3582 1008 3662 5καρ>
1026 3582 1128 3647 αύτοῖσ
1145 3591 1273 3647 θεοῖσί
1346 3586 1461 3663 dccc&

206 3679 258 3733 τοῦ
271 3671 377 3746 Ἑρμοῦ
394 3675 495 3730 Rciskc
564 3680 578 3728 ’ί
598 3671 677 3750 παρὰ
696 3679 769 3733 θεοῦ
787 3671 911 3733 πύθοιτό
930 3693 1012 3733 τινοσ
1030 3673 1078 3729 UT
1167 3679 1182 3729 9
1200 3670 1333 3745 ἐνόμιζεν
1350 3677 1376 3732 V

208 3765 238 3814 10
263 3755 326 3832 [ἔφη
338 3791 371 3799 -
384 3755 488 3825 ἔπεισε]
506 3761 670 3828 respondere
688 3761 809 3815 versibus
830 3766 913 3816 5-10
931 3764 1023 3816 monet
1040 3759 1119 3826 Wil.,
1138 3759 1208 3815 haec
1225 3763 1254 3814 ct
1271 3761 1462 3815 antecedentia

204 3846 267 3901 indo
285 3846 320 3899 ab
334 3838 368 3902 ού
379 3839 436 3916 γὰρ
448 3845 555 3898 delebat
568 3844 700 3900 Rhodom.
758 3850 787 3899 13
801 3841 968 3917 ἐορακώσῦ
1031 3841 1207 3918 15φανερδσ
1223 3844 1305 3900 ΠΤΜ
1323 3848 1463 3917 φανεοώσ

206 3929 255 3984 BV
266 3945 301 3982 m.
319 3945 360 3998 pr.
380 3927 522 3994 (corn-dc)
617 3930 700 3984 verba
717 3921 838 3986 τούτοισ
855 3931 885 3988 δὲ
901 3961 934 3970 -
953 3922 1102 4000 ἀμήχανον
1125 3925 1211 4001 φύσιν
1227 3929 1269 3984 bis
1287 3930 1416 3999 leguntur
1432 3929 1462 3984 in

204 4013 291 4080 libris,
308 4012 349 4067 ita
366 4020 396 4067 nt
414 4015 496 4068 verba
514 4014 678 4083 discrepent,
697 4015 852 4084 conspirent
869 4015 1022 4070 sententiae

273 4209 413 4276 αόούτω
425 4217 473 4272 ΒΤ
527 4223 541 4272 6
559 4223 594 4291 τῇ
605 4213 733 4292 ἦμέραΒ
940 4219 1357 4290 λιδδιαλέγονταιευρθτεσῐ.Μ
1388 4209 1463 4276 83η

207 4302 464 4364 ιοΗοω.11.Ξοοι
507 4298 793 4374 i3dprcdvUBTV,
871 4319 924 4359 cm.
945 4305 991 4358 BT
1063 4303 1290 4361 14καλούσινῐί

208 4381 243 4443 δν
255 4388 284 4441 Μ
340 4394 369 4442 14
384 4392 507 4447 Βατείαν
520 4390 568 4445 UV
583 4391 651 4457 (sinc
669 4392 793 4456 accentu)

205 4473 271 4527 ibid.
292 4473 314 4526 B
328 4477 373 4527 811
386 4490 427 4542 sq.
