3068 5160
586 305 722 360 ORATIO
740 305 788 360 lv.
1272 306 1312 365 59

58 472 118 546 οὐκ
140 481 247 544 οἶσθα
266 473 486 563 Ἀλέξανδρον
508 482 566 541 τόν
588 476 731 561 βασιλέα
738 503 749 555 ,·
790 484 837 541 Τό
859 500 895 562 γε
919 483 1040 560 όνομα,
1070 480 1176 558 εἷπεν,
1200 482 1310 543 ἀκούω

57 581 194 646 πολλῶν
207 580 379 666 λεγόντων,
396 585 442 656 ὡς
452 577 595 643 κολοιῶν
608 586 895 665 περιπετομένων,
909 574 1010 644 αὐτὸν
1022 579 1057 645 δέ
1071 573 1108 644 οὗ
1122 587 1311 665 γιγνώσκω·

57 679 95 749 οὗ
119 687 181 770 γάρ
205 687 276 765 είμι
297 686 460 769 ἔμπειρος
483 675 588 745 αἴτού
608 692 667 769 τῆς
691 680 854 757 διανοίας.
888 674 989 746 Ἀλλά
1008 692 1074 761 νύν,
1098 686 1176 771 ἔφη,
1199 688 1309 768 γνώσῃ
1326 687 1361 748 18

54 790 193 874 κοίτην
217 784 386 850 διάνοιαν·
415 787 483 870 ἥκω
506 787 568 869 γάρ
592 777 650 846 ἐπ’
678 776 759 846 αύτό
783 793 900 861 τούτο,
929 788 1073 864 ἐμαυτόν
1096 808 1132 849 τε
1155 785 1311 871 παρέξων

18 905 34 956 5
56 907 113 952 σοι
126 889 340 968 καταμαθεῖν
355 890 411 950 καί
428 889 464 948 σὲ
481 889 661 968 ὀψόμενος.
692 878 793 948 Ἀλλά
806 880 974 966 χαλεπῶς,
998 889 1075 973 ἔφη,
1097 909 1139 968 με
1155 889 1196 950 ἀν
1213 887 1310 965 ἴδοις,

56 993 174 1076 ὥσπερ
190 994 228 1053 τὸ
247 998 320 1076 ηνῶς
337 992 370 1052 οἱ
385 991 426 1052 τά
443 992 577 1070 όμματα
594 990 763 1063 ἀσθενεῖς.
802 986 880 1050 τόδε
897 986 935 1051 δέ
948 1009 1008 1069 μοι
1024 991 1110 1068 εἰπέ,
1130 993 1169 1051 σύ
1186 993 1311 1064 ἐκεῖνος

56 1092 93 1156 εἷ
106 1085 341 1177 Ἀλέξανδρος,
372 1092 409 1154 δν
439 1089 591 1173 λέγουσιν
619 1088 869 1172 ὑποβολιμαῖον
878 1113 889 1166 ,·
917 1093 973 1153 καί
1002 1091 1040 1166 δς
1066 1093 1212 1166 ἀκούσας
1234 1097 1311 1176 ηρα-

12 1196 185 1280 ιιιθρίασε
207 1197 268 1275 μέν
289 1197 346 1256 καὶ
368 1194 534 1278 ὠργίσθη,
556 1197 695 1271 κατέσχε
719 1184 751 1254 δ’
777 1195 911 1254 ἐαυτόυ·
942 1196 1094 1272 μετενόει
1117 1191 1163 1270 δέ,
1187 1196 1240 1255 δτι
1262 1196 1311 1268 εἰς

55 1293 175 1379 λόγους
197 1293 341 1382 ἠξίωσεν
363 1294 480 1358 ἐλθεῖν
502 1292 599 1379 ἀνδρὶ
623 1293 728 1377 σκαιῷ
752 1314 787 1355 τε
809 1295 866 1356 καί
888 1289 1035 1372 ἀλαζόνι,
1060 1298 1106 1369 ὡς
1123 1287 1225 1369 αὐτὸς
1240 1298 1311 1357 ἐνό-

10 1416 32 1472 ιο
51 1394 157 1479 μιζεν.
193 1401 211 1460 ύ
235 1399 292 1460 σύν
313 1401 478 1483 Διογένης
500 1397 711 1477 καταμαθών
734 1387 835 1456 αὐτόν
858 1401 1112 1480 τεταραγμένον,
1136 1395 1307 1482 ἐβουλήθη
1323 1397 1360 1458 19

52 1497 256 1582 μεταβαλεῖν
280 1491 386 1561 αὐτοῦ
406 1503 465 1586 την
488 1502 608 1584 ψυχήν,
633 1500 749 1581 ὥσπερ
773 1499 806 1558 οἱ
830 1495 952 1572 παῖδες
974 1501 1054 1574 τούς
1069 1496 1309 1584 ἀστραγάλους.

54 1603 214 1676 εἰπόντος
243 1599 278 1664 δέ
309 1591 427 1679 αὐτού,
457 1602 577 1664 Πόθεν
607 1598 645 1662 δέ
674 1617 728 1661 σοι
757 1597 909 1686 ἐπῆλθεν
931 1606 1019 1686 ημᾶς
1042 1599 1311 1682 ὑποβολιμαίους

54 1705 183 1779 είπεῖν,·
206 1695 365 1781 Ὁπόθεν,
389 1705 466 1789 ἔφη,
489 1705 545 1765 καί
567 1706 626 1789 τη“ν
648 1707 775 1786 μητέρα
801 1719 860 1763 σου
885 1704 994 1764 ἀκούω
1018 1711 1123 1765 ταῦτα
1147 1707 1227 1788 περί
1251 1712 1313 1765 σού

55 1803 172 1888 λέγειν.
215 1807 236 1891 ἢ
267 1797 326 1867 οὐκ
343 1798 532 1885 Ὀλυμπιάς
562 1806 654 1866 ἐστιν
683 1809 702 1890 η
734 1807 879 1866 είπούσα
910 1807 963 1866 ότι
990 1796 1048 1865 οῖκ
1070 1806 1105 1865 ἐκ
1131 1803 1311 1867 Φιλίππου

10 1929 32 1982 [5
53 1909 226 1990 τυγχάνεις
248 1910 401 1990 γεγονώς,
425 1898 500 1968 ἀλλ’
527 1908 562 1967 ἐκ
585 1903 766 1990 δράκοντος
787 1907 807 1990 ἢ
829 1897 1005 1986 Ἄμμωνος
1026 1907 1046 1990 ἢ
1065 1897 1124 1967 ούκ
1141 1904 1217 1968 οἶδα
1234 1911 1311 1969 ύτοα

55 2011 141 2071 ποτὲ
169 2010 264 2072 θεῶν
291 2012 311 2095 ἢ
342 2011 538 2093 ἀνθρώπιον
567 2009 586 2092 ἢ
615 2009 768 2092 θηρίων,
795 2009 909 2069 καίτοι
931 2009 1037 2080 ούτως
1063 2005 1312 2088 ὑποβολιμαῖος

54 2112 96 2173 ἀν
119 2109 200 2196 εἴης.
244 2112 264 2196 ἠ
289 2113 329 2172 σύ
352 2113 430 2186 τούς
446 2108 666 2194 ἀλεκτρυόνας
690 2101 727 2170 ού
750 2106 863 2183 καλεῖς
886 2110 1022 2185 νόθους,
1047 2111 1081 2170 οί
1097 2110 1143 2172 ἀν
1167 2109 1250 2172 ώσιυ
1273 2108 1309 2187 ἐξ
1322 2116 1361 2173 54

54 2213 244 2291 ἀνομοίων,
278 2214 297 2297 ἢ
333 2203 370 2273 σι’
400 2208 532 2292 μείζων
553 2229 609 2272 σοι
640 2208 735 2273 δοκεῖ
761 2208 910 2296 διαφορὰ
940 2212 1028 2271 θεοῦ
1055 2213 1142 2294 πρός
1170 2218 1307 2294 γυναῖκα

55 2315 185 2400 θνητὴν
213 2314 233 2398 ἢ
261 2316 414 2395 γενναίου
444 2311 680 2399 ἀλεκτρυόνος,
709 2314 740 2375 εί
770 2313 827 2374 σύν
855 2317 993 2395 γέγονας
1024 2315 1130 2388 ούτιυς
1152 2315 1312 2397 καθάπερ

10 2416 161 2502 χχφασί,
195 2417 252 2477 καί
287 2417 326 2476 σύ
360 2416 467 2490 νόθος
496 2418 536 2478 ἀν
565 2415 637 2500 εἴης
672 2417 787 2499 ὥσπερ
818 2412 1014 2499 ἀλεκτρυών.
1065 2418 1163 2495 τυχόν
1193 2413 1228 2478 δέ
1257 2418 1313 2478 καί

54 2519 295 2597 μαχιμώτατος
323 2519 383 2601 ἴση
411 2525 478 2579 τῶν
508 2515 618 2579 ἀλλων
648 2514 704 2579 διά
735 2519 858 2601 ταύτην
885 2520 944 2603 την
967 2518 1117 2580 νοθείαν.
1163 2519 1312 2579 ἐνταῦθα
1324 2525 1364 2585 20

56 2610 318 2703 όἈλέξανδρος
352 2617 560 2699 ἐμειδίασεν,
596 2621 652 2680 καὶ
685 2619 777 2703 ἥσθη
809 2621 855 2692 ὡς
891 2611 1071 2695 οὐδέποτε,
1106 2622 1161 2680 καὶ
1198 2617 1311 2696 ἔδοξεν

57 2711 149 2802 αύτῷ
183 2723 202 2781 δ
234 2723 398 2806 Διογένης
432 2713 479 2785 ,ου’
515 2724 618 2801 μόνον
656 2712 693 2782 οὗ
730 2724 862 2797 σκαιός,
904 2716 988 2781 ἀλλά
1021 2722 1077 2781 καί
1111 2717 1313 2797 δεξιώτατος

56 2823 219 2884 ἁπάντων
254 2825 310 2884 καί
342 2827 446 2902 μόνος
475 2821 574 2897 εἰδώς
599 2817 813 2906 χαρίζεσθαι.
869 2823 911 2883 Τί
940 2822 1012 2898 οδν,
1049 2824 1131 2906 ἔφη,
1168 2825 1312 2905 πότερον

10 2921 192 3010 χάληθης
219 2946 238 3009 η
262 2922 392 3011 ψευδὴς
415 2924 503 2987 εἷναι
527 2922 623 2986 δοκεῖ
641 2941 697 2985 σοι
720 2926 738 2984 ό
762 2921 877 3005 λόγος,·
904 2915 1063 3008 Ἄδηλον,
1093 2925 1174 3008 ἔφη,
1204 2925 1361 2991 ἐστίν·21

56 3025 117 3086 ἐάν
144 3028 205 3104 μὲν
234 3027 295 3110 γάρ
325 3008 366 3110 ᾗς
397 3029 543 3112 σώφρων
569 3028 625 3088 καί
647 3023 801 3110 ἀνδρεῖος
823 3027 879 3087 καί
901 3028 960 3111 την
983 3034 1044 3088 τού
1064 3027 1150 3100 Διὸς
1172 3027 1313 3087 ἐπιστά-

55 3147 157 3206 μενος
190 3132 305 3213 τέχνην
338 3132 397 3215 την
430 3125 622 3213 βασιλικήν,
658 3121 763 3190 οὐθέν
797 3145 834 3190 σε
867 3125 988 3190 κωλύει
1022 3135 1084 3189 τοῦ
1110 3129 1196 3201 Διός
1226 3126 1313 3189 εἶναι

56 3231 147 3290 υίόν·
177 3232 254 3292 ἐπεί
281 3233 380 3291 τούτό
403 3249 439 3312 γε
460 3232 517 3293 καί
532 3223 679 3315 Ὅμηρόν
703 3247 790 3315 φασι
814 3227 937 3312 λέγειν,
966 3233 1020 3291 δτι
1042 3232 1154 3315 πατήρ
1178 3231 1270 3291 ἐστιν
1294 3231 1362 3299 δ22

146 3415 158 3464 1
178 3405 213 3467 σὺ
231 3404 284 3468 οὐκ
303 3408 390 3469 οἶσθα
407 3413 480 3468 UBV
564 3407 644 3467 εἶπεν
661 3426 712 3468 om.
732 3412 755 3465 B
773 3407 826 3483 ἔφη
843 3410 869 3465 U
938 3414 954 3464 2
972 3410 1139 3478 πετομένων
1155 3411 1206 3467 UV
1224 3430 1316 3467 πετω·

57 3495 153 3563 μένων
170 3495 194 3550 Β
297 3493 429 3568 γινώσκω
447 3497 511 3551 libri
608 3499 624 3548 4
641 3492 767 3563 ἐμαυτόν
784 3515 816 3567 γε
834 3494 904 3560 libri,
923 3509 993 3548 corr.
1011 3494 1112 3549 Reiske
1208 3501 1222 3548 5
1241 3491 1315 3551 ἴόοισ

59 3575 93 3637 σὺ
111 3581 135 3634 Β
231 3577 304 3637 ἴδοιο
317 3612 350 3621 -
368 3577 485 3651 ὄμματα
503 3574 640 3638 ἀσθενεῖσ
657 3597 708 3634 om.
728 3580 757 3646 P,
776 3596 842 3648 mrg.
863 3575 922 3650 ἀψη
940 3570 1039 3652 ώστιερ
1056 3576 1110 3635 τὸν
1127 3572 1208 3650 ἥλιον
1226 3578 1254 3635 οἴ
1272 3599 1316 3635 τυ-

57 3710 243 3784 φλώττοντεσ
324 3715 550 3789 ῖίρυθρίασεΡ
621 3714 793 3786 Θκατέσχεν
809 3715 860 3770 UV
946 3715 976 3772 δὲ
993 3714 1043 3770 UB
1128 3681 1315 3776 αετενόατεόὲ

57 3799 174 3864 (εἰσΙ)Ρ
262 3806 293 3854 10
312 3795 329 3858 δ
347 3801 457 3873 γοῦνΡ
548 3807 576 3855 11
598 3800 626 3858 οἴ
643 3801 768 3858 πέδεσΡ
860 3809 926 3856 τοῑσ
944 3793 1140 3873 ἀστραγάλοισ
1158 3801 1229 3855 UBP

60 3883 87 3941 οἴ
104 3886 257 3953 παίζοντες
274 3895 337 3952 τοῖς
354 3881 548 3959 ἀστραγάλοις
558 3887 724 3954 Bamberger
740 3887 850 3956 optime,
868 3901 931 3940 nam
948 3900 1035 3954 puero
1053 3899 1147 3954 parum
1161 3891 1224 3952 apte
1237 3885 1313 3953 Diog.

60 3972 240 4039 comparatur.
335 3975 365 4026 12
384 3968 522 4028 εἰπόντοσ
541 3962 591 4027 οὖν
609 3963 698 4028 αύτού
716 3972 737 4025 Ρ
838 3975 868 4025 16
885 3973 982 4028 καίτοι
1001 3961 1097 4027 οἴτωσ
1115 3970 1248 4039 Οουείυες
1267 3973 1315 4026 καὶ

59 4058 196 4112 τοιούτου
214 4050 256 4110 ών
272 4055 354 4123 UBP,
371 4055 434 4109 item
453 4055 550 4111 omisso
569 4051 610 4111 ἀν
627 4057 652 4111 V
715 4063 744 4111 Π
763 4053 780 4128 ἢ
798 4052 832 4114 σύ
850 4053 968 4122 τοὺς-
986 4051 1036 4126 τὴν
1055 4057 1176 4112 νοθείαν
1193 4056 1220 4109 in
1238 4055 1314 4110 libris

59 4138 186 4208 leguntur
202 4156 229 4209 p.
249 4141 290 4204 65,
311 4146 341 4194 12
358 4145 421 4209 post
438 4138 652 4212 διανηξάμενος,
669 4141 722 4194 huc
740 4142 849 4196 traiecit
867 4141 976 4195 Geelius
1047 4132 1255 4197 ἀλεκτῖύνασΡ

63 4228 92 4279 18
110 4218 212 4294 μεῖζόν
230 4242 277 4280 σοι
288 4225 314 4279 U
368 4227 399 4277 19
417 4223 604 4280 scribendum:
622 4229 757 4297 γενναίου
769 4219 1069 4298 ἀλεκτρυόνος<πρδσ
1082 4219 1187 4296 ἀγεννῆ
1200 4219 1317 4281 ἀλεκτο-

61 4311 144 4379 ρίδα)
195 4313 228 4364 20
246 4309 375 4381 φασίνΙί
428 4312 458 4362 21
477 4307 734 4381 μαχημώτατοσῖ
786 4311 958 4367 νωθείανῐί
1011 4313 1042 4362 22
1063 4307 1078 4365 ὁ
1099 4308 1193 4363 omV
1245 4307 1316 4378 ἐμει-

60 4397 141 4536 Ξίασε
157 4393 203 4448 BP
265 4397 297 4447 25
317 4411 363 4450 σοι
381 4409 432 4448 om.
451 4395 526 4451 UBV
585 4390 677 4466 λόγυσ
694 4391 711 4466 ἢ
729 4387 795 4452 οὐκ·
815 4389 921 4466 ἀδηλόν
938 4391 1023 4459 ἐστιν,
1042 4388 1103 4466 ἔφη,
1123 4391 1236 4466 ἀίδηλον,
1254 4390 1316 4468 ἔφη,

75 4483 139 4537 στίν
155 4479 205 4536 UB
