3068 5160
171 328 234 387 τεο
527 281 671 380 'motus
689 322 740 376 An
759 319 1049 378 Αυυκικοωκοσ

171 506 332 576 ἐπιεικῶς
355 500 438 562 αὐτὰ
463 501 550 582 δρᾶν.
673 502 717 584 μῆ
741 499 803 581 γάρ
827 499 927 558 τοῦτό
948 490 1025 577 <με>
1048 493 1169 556 οἴεσθε
1192 490 1308 575 λέγειν
1334 493 1384 567 ὡς
1407 494 1441 553 ού

169 607 230 688 χρῆ
254 604 310 664 καί
332 603 373 664 τά
396 608 537 663 τοιαῦτα
559 601 739 683 γίγνεσθαι
761 602 796 662 ἐν
819 603 895 672 ταῖς
924 595 1063 661 πόλεσι·
1090 597 1151 682 χρῆ
1182 595 1249 679 γάρ
1276 593 1370 670 ἴσως
1391 594 1443 656 καί

172 707 352 787 ἀναγκαῖόν
375 706 450 765 ἐστι
473 700 529 765 διὰ
553 706 612 789 τῆν
635 709 702 765 τῶν
725 697 861 762 πολλῶν
891 701 1076 762 ἀσθένειαν
1097 699 1153 760 καί
1177 692 1327 782 σχολήν·
1361 695 1443 772 ἴσως

173 805 209 870 δέ
238 809 294 869 καί
322 813 389 868 τῶν
417 802 599 886 βελτιόνων
626 804 712 866 εἰσίν
737 804 770 863 οἱ
793 800 948 882 δεόμενοι
972 799 1148 885 διατριβῆς
1169 818 1269 874 τινος
1291 799 1357 861 καί
1379 817 1442 859 πο-

173 910 347 993 ραμυθίας
370 910 404 969 έν
427 905 475 988 τῴ
497 908 582 987 βίῳ·
614 902 669 968 δεῖ
692 901 728 966 δὲ
751 905 835 984 μετά
858 907 985 984 κόσμου
1007 904 1064 965 καί
1088 903 1262 987 σχήματος
1286 904 1467 985 πρέπον-λ

122 1017 232 1087 λύτος
255 1011 458 1094 ἀνθρώποις
480 1005 685 1092 ἐλευθέροις.
732 1008 769 1069 ού
792 1006 854 1091 γάρ
879 1005 973 1090 παρά
996 1012 1096 1067 τούτο
1123 1004 1200 1066 ούτε
1221 1009 1295 1064 τῶν
1322 1003 1443 1064 ἵππων

176 1110 286 1188 ούδείς
309 1109 488 1196 δραμεῖται
510 1107 651 1193 βράδιον
676 1105 752 1170 οὐδὲ
772 1113 885 1190 χεῖρον
909 1098 1032 1189 ᾅσεταί
1052 1127 1105 1181 τις
1122 1112 1189 1167 τῶν
1205 1096 1384 1185 ᾀδόντων,
1407 1106 1443 1167 ἂν

173 1216 397 1299 εὐσχημονῆτε
421 1215 526 1291 ὑμεῖς.
564 1213 636 1274 νυνί
659 1209 695 1273 δὲ
717 1213 756 1273 τύ
779 1213 840 1290 μὲν
863 1215 929 1270 τῶν
952 1211 1096 1294 ῆνιόχων
1118 1207 1194 1270 τινά
1218 1209 1390 1270 ἐκπεσεῖν
1412 1209 1444 1269 ἐκ

172 1324 234 1379 τού
257 1314 381 1401 δίφρου
406 1311 515 1375 δεινὸν
537 1313 679 1397 ῆγεῖσθε
701 1313 758 1374 καί
782 1311 961 1396 συμφοράν
984 1317 1105 1372 πασῶν
1127 1309 1311 1393 μεγίστην·
1349 1309 1445 1371 αὐτοὶ

174 1415 210 1480 δέ
234 1417 458 1487 ἐκπίπτοντες
481 1415 516 1474 ἐκ
539 1422 600 1475 τού
620 1417 747 1494 κόσμου
770 1421 832 1475 τού
853 1414 1085 1498 προσήκοντος
1106 1412 1163 1474 καὶ
1184 1419 1246 1496 τῆς
1263 1407 1373 1487 ἀξίας
1387 1419 1478 1496 τῆςιι

174 1523 301 1579 ἑαυτῶν
333 1517 370 1577 ού
402 1510 604 1600 φροντίζετε.
649 1517 709 1577 κάν
737 1516 798 1595 μὲν
828 1517 906 1594 ύμῖν
938 1516 957 1575 ὁ
981 1510 1177 1597 κιθαρῳδὸς
1199 1509 1359 1592 ἐκμελῶς
1383 1503 1443 1597 ᾄδῃ

173 1621 229 1681 καί
252 1619 346 1702 παρά
370 1619 428 1678 τὸν
450 1619 559 1695 τόνον,
584 1617 732 1678 συνίετε·
757 1617 854 1677 αύτοί
870 1613 905 1677 δὲ
923 1611 1098 1690 παντελῶς
1113 1611 1177 1691 ἔξω
1194 1622 1257 1699 τῆς
1274 1615 1445 1698 ἁρμονίας

175 1729 234 1806 τῆς
256 1720 341 1781 κατά
366 1721 469 1804 φύσιν
491 1721 682 1801 γιγνόμενοι
703 1719 760 1780 καί
791 1715 925 1803 σφόδρα
955 1718 1115 1796 ἀμούσως
1144 1716 1281 1795 ἔχοντες
1306 1717 1349 1777 ού
1376 1713 1444 1779 δια-

123 1834 164 1894 47
176 1822 337 1908 φέρεσθε.
357 1821 502 1882 *καίτοι
531 1823 637 1882 πόσοι
667 1817 723 1881 διὰ
754 1812 858 1880 ταῦθ’
883 1821 976 1898 ὑμῶν
1006 1814 1247 1892 ἀπολώλασιν;
1277 1815 1445 1896 ἀδοξοῦσι

172 1927 234 2006 μέν
257 1925 320 2009 γάρ
344 1926 478 1997 πάντες.
498 1941 515 1980 κ
604 1923 640 1982 αἱ
664 1919 699 1983 δὲ
715 1924 873 2007 Σειρῆνες
889 1917 970 1981 άλλυ
987 1941 1022 1982 τι
1038 1920 1188 1996 ἐποίουν,
1213 1920 1262 1994 ὡς
1287 1921 1308 1982 ύ
1330 1923 1479 2002 μῦθόςύ

176 2042 291 2112 φησιν,
317 2027 375 2086 ούκ
396 2020 577 2086 ἀπώλλυον
600 2025 679 2097 τούς
703 2021 837 2108 σφόδρα
853 2023 1025 2107 ῆσθέντας
1048 2021 1185 2096 αύταῖς;
1207 2012 1290 2083 ἀλλ’
1317 2025 1446 2088 ἐκεῖναι

175 2130 236 2208 μέν
260 2129 294 2188 έν
318 2127 429 2211 ἐρήμῳ
453 2122 538 2210 ἦσαν
562 2122 703 2207 πελάγει
724 2127 781 2186 καί
802 2124 932 2207 μακρὰν
964 2124 1201 2203 ἀπῳκισμέναι
1222 2116 1313 2186 καθ’
1342 2128 1446 2203 αὐτὰς

176 2230 236 2290 ἐπί
263 2224 430 2288 σκοπέλου
461 2231 571 2304 τινός,
600 2229 687 2288 ὅπου
709 2223 827 2310 μηδείς
853 2222 981 2309 ῥαδίως
1004 2219 1212 2308 παρέβαλλε·
1241 2226 1351 2289 κάκεῖ
1370 2220 1407 2290 δ’
1431 2231 1448 2289 δ

178 2336 255 2391 νοῦν
279 2330 363 2407 ἔχων
386 2330 503 2413 ἐσώθη
526 2330 583 2390 καί
604 2319 689 2407 μεθ’
719 2329 860 2412 ῆσυχίας
883 2329 1032 2411 ἤκουσεν.
1078 2324 1178 2387 αὗται
1201 2322 1237 2386 δὲ
1263 2323 1393 2405 σχεδὸν
1415 2331 1448 2391 έν

178 2435 269 2511 μέσῳ
294 2438 354 2515 τῆς
379 2431 575 2513 οἰκουμένης
598 2430 633 2490 ἐν
655 2436 696 2512 τῇ
726 2425 1069 2512 πολυανθρωποτάτῃ
1100 2434 1222 2489 πασῶν
1245 2425 1354 2492 πόλει
1378 2441 1484 2494 τοι-λ

177 2539 261 2593 αύτα
290 2526 501 2615 ἐργάζονται,
530 2528 577 2608 μά
599 2521 659 2590 Δί’
692 2530 730 2590 ού
761 2522 808 2592 δι’
842 2533 951 2592 αὐτῶν
979 2552 1054 2592 τινα
1084 2528 1205 2616 ῆδονήν
1232 2531 1253 2615 ἢ
1287 2528 1446 2615 δύναμιν,

177 2631 262 2696 ἀλλά
294 2630 351 2695 διά
381 2635 440 2717 τῆν
468 2633 631 2715 ὑμετέραν
655 2628 860 2716 ἀβελτερίαν.
907 2629 964 2693 διά
987 2633 1022 2693 τί
1042 2633 1105 2716 γάρ
1129 2629 1193 2708 ἔξω
1217 2633 1446 2721 παραπλησί-

180 2758 226 2811 ως
256 2737 437 2797 ἀκούονται
468 2737 541 2807 τοῖς
570 2730 687 2806 ἀλλοις
716 2733 772 2794 καί
800 2729 966 2807 πολλάκις
997 2730 1112 2818 ἀηδεῖς
1145 2730 1287 2812 ἔδοξαν,·
1318 2741 1362 2824 μῆ
1398 2740 1488 2800 τοίου

128 2847 167 2910 48
180 2838 251 2900 ὦτα
281 2832 514 2921 ἐπαλήλιπται
545 2841 612 2896 τῶν
640 2836 726 2909 ἐκεῖ;
758 2835 793 2895 τί
823 2834 880 2896 ούν
908 2842 1007 2896 τοῦτο
1038 2833 1203 2910 δείκνυσι;
1230 2839 1280 2917 μά
1309 2831 1370 2903 Δί’
1407 2843 1446 2903 ού

179 2947 342 3023 μουσικῆς
378 2937 471 3014 ἰσχύν
503 2927 576 2996 οὐδ’
612 2933 802 3021 ύπερβολῆν
830 2941 962 3021 τέχνης,
986 2929 1074 3012 ,ἀλλ’
1111 2939 1287 3022 ἀκροατῶν
1320 2946 1488 3029 κουφόύ

180 3061 263 3125 τητα
294 3041 351 3101 καὶ
380 3034 513 3111 πόλεως
536 3037 730 3100 ἀσθένειαν.
777 3039 864 3123 φασί
890 3045 969 3119 γοῦν
997 3036 1059 3124 ἤδη
1090 3040 1185 3114 τινάς
1213 3047 1282 3103 τῶν
1306 3042 1449 3106 ἀπολω-

182 3138 288 3202 λότων
319 3137 376 3202 διά
399 3142 458 3225 την
477 3131 640 3223 τοιαύτην
664 3143 841 3224 πρόφασιν
864 3141 1148 3219 νεανιεύσασθαι,
1178 3144 1222 3227 μῆ
1255 3161 1449 3229 παραιτου·

178 3247 299 3322 μένους
327 3243 385 3302 τόν
408 3242 571 3319 θάνατον,
595 3237 679 3302 ἀλλά
703 3238 1034 3325 προσλιπαροῦντας,
1058 3246 1153 3317 ὅπως
1176 3245 1374 3309 ἀκούσωσιν
1390 3250 1451 3311 ἐπὶ

181 3340 295 3405 πλέον.
341 3349 440 3404 τούτο
458 3335 491 3404 δ’
518 3344 591 3406 ἐστί
612 3344 814 3421 θαυμαστόν
838 3335 897 3404 ἐπ’
930 3343 1054 3408 ὀνείδει
1075 3347 1131 3408 καί
1152 3343 1366 3428 καταγέλωτι
1390 3359 1449 3436 τῆς

181 3442 326 3522 πόλεως,
350 3446 381 3507 εί
404 3444 497 3529 παρὰ
521 3446 581 3524 μέν
604 3449 677 3518 τοῖς
700 3441 817 3518 ἀλλοις
833 3445 984 3530 ἀριστεῖς
1006 3449 1063 3510 καί
1084 3451 1345 3532 τυραννοκτόνοι
1366 3460 1488 3538 μνηύ

266 3750 279 3800 1
298 3765 334 3814 με
352 3745 414 3801 add.
433 3744 534 3801 Roiske
638 3747 653 3796 3
673 3734 811 3800 ἀσθένεια
835 3744 901 3812 quid
923 3745 968 3800 hic
986 3748 1038 3802 sibi
1061 3748 1141 3816 veIIt,
1164 3764 1219 3804 non
1236 3763 1387 3821 assequor3
1412 3752 1448 3808 οῖ.

179 3831 197 3885 1.
218 3834 249 3884 27
320 3835 438 3888 4τινοσ
456 3833 605 3903 διατριβῆσ
625 3830 688 3891 (hoo
706 3826 775 3894 ord.)
797 3828 847 3884 UT
923 3832 1065 3902 ύπερίΤ
1135 3838 1302 3906 ’ίύραμεῖτε
1320 3836 1379 3890 ΜΤ

180 3919 194 3969 8
213 3907 414 3987 εύσχημονεῑτε
436 3916 466 3970 Μ
537 3921 566 3968 11
593 3912 833 3996 φροντίζεταιΜ
904 3917 935 3967 13
955 3907 1036 3972 οὐδὲν
1054 3916 1077 3971 Τ
1148 3923 1181 3974 14
1203 3921 1268 3974 ante
1284 3921 1388 3977 καίτοι
1405 3921 1450 3978 vel

179 4003 243 4066 post
264 3995 371 4066 πάντες
393 4001 473 4069 plura
497 3999 629 4055 excidisse
655 3998 734 4054 docet
756 3997 840 4053 αύται
865 3997 895 4055 δὲ
916 3999 934 4054 l.
963 4003 1001 4055 19.
1107 4006 1139 4056 16
1162 3997 1309 4061 άπόλλυον
1334 4005 1361 4060 U

179 4131 275 4192 ἐκεῖνα
293 4136 324 4190 Μ
388 4141 419 4192 18
438 4136 599 4194 σκοπέλλου
616 4135 640 4189 U
659 4077 803 4192 σκοπέλου
820 4134 935 4202 (εἰοίλΤ
996 4127 1181 4212 παρέβαλλεν
1201 4139 1250 4194 UT
1308 4144 1342 4194 19
1362 4133 1450 4200 αὗται

180 4220 210 4276 δὲ
222 4222 318 4291 scripsi
335 4224 449 4291 propter
460 4238 487 4291 p.
502 4225 560 4287 281,
574 4225 605 4276 21
624 4214 696 4293 ὑπὲρ
714 4220 744 4277 δὲ
755 4223 804 4291 τῆς
822 4222 967 4292 ψαλτρίας
978 4214 1170 4294 ἀπάγχεσθαι,
1188 4224 1249 4278 libri
1261 4213 1344 4282 οὗτοι
1363 4226 1395 4285 δέ

181 4308 213 4358 22
231 4299 374 4380 ἡμετέραν
392 4306 416 4359 Τ
491 4301 665 4378 ἀβελτηρίαν
682 4305 737 4359 ΜΤ
824 4309 857 4358 23
875 4307 967 4360 malim
985 4300 1161 4377 άκουόμεναι
1178 4317 1240 4374 τοῖς
1258 4305 1358 4377 ἀλλοις
1375 4318 1449 4369 πολ-

180 4383 261 4454 λάκις
278 4393 330 4446 etc.
350 4392 438 4446 deleto
456 4395 506 4448 καὶ
595 4396 629 4446 24
645 4387 848 4462 ἐπαλήλειπται
865 4390 922 4444 ΜΤ
1008 4397 1040 4447 29
1057 4393 1140 4449 verba
1156 4387 1206 4450 ἐπ’
1226 4387 1329 4452 ὀνείδει
1342 4425 1376 4436 -
1392 4397 1448 4454 πό·

176 4477 249 4538 λεας
269 4490 330 4529 cum
347 4471 519 4544 θαυμαστὸν
536 4477 581 4531 vix
598 4480 712 4545 possunt
730 4476 856 4544 coniungi
