3068 5160
642 371 780 430 ORATIO,
795 370 857 424 XII.
1318 374 1377 431 169

125 552 200 619 ταῖς
223 543 424 627 ἀγαλμάτων
440 548 458 630 ή
474 551 615 630 μέτρων,
638 547 694 607 καὶ
716 553 820 606 ταῦτα
836 548 871 607 έν
888 543 972 627 ὄχλῳ
998 550 1216 632 πανηγύρεως
1238 551 1378 624 ἐκείνοις

126 645 235 732 φίλων
259 646 434 710 δικαστῶν.

210 753 240 813 εί
268 753 329 833 γάρ
359 772 411 824 τις
442 748 584 811 Φειδίαν
616 756 752 834 πρῶτον
780 752 815 811 ἐν
844 757 916 825 τοῖς
940 743 1098 836 Ἕλλησιν
1132 753 1286 828 εὐθύνοι,
1320 755 1429 817 τόν49

126 854 234 936 σοφὸν
268 861 385 914 τοῦτον
416 854 471 914 καὶ
502 849 677 930 δαιμόνιον
711 854 851 936 ἐργάτην
879 860 941 913 τού
971 861 1094 932 σεμνοῦ
1119 855 1175 915 καί
1205 853 1377 935 παγκάλου

86 966 100 1014 5
125 952 426 1039 δημιουργήματος,
449 955 599 1027 καθίσας
622 951 783 1026 δικαστάς
806 956 885 1027 τούς
905 955 1133 1038 βραβεύοντας
1154 953 1201 1036 τῴ
1222 954 1296 1037 θεῷ
1320 961 1377 1020 τόν

126 1057 247 1137 ἀγῶνα,
271 1053 398 1136 μάλλον
422 1055 457 1118 δέ
480 1058 591 1117 κοινόν
616 1053 831 1140 δικαστήριον
855 1054 1057 1136 ξυμπάντων
1079 1054 1376 1141 Πελοποννησίων,

125 1161 175 1219 ἔτι
193 1156 227 1220 δὲ
244 1161 406 1220 Βοιωτῶν
429 1160 485 1219 καί
504 1149 623 1219 Ἰώνων
644 1159 781 1219 καὶτῶν
798 1155 908 1219 ἀλλων
927 1149 1093 1242 Ἑλλήνων
1115 1166 1181 1220 τῶν
1205 1169 1380 1239 πανταχοῦ

123 1262 207 1321 κατά
231 1263 289 1346 τήν
308 1262 474 1344 Εὐρώπην
496 1261 551 1323 καὶ
573 1262 632 1344 τήν
650 1251 779 1336 Ἀσίαν,
804 1260 841 1320 ού
864 1266 930 1320 τῶν
950 1263 1130 1345 χρημάτων
1154 1258 1251 1342 λόγον
1274 1264 1378 1325 ἀπαι-

124 1371 190 1424 τῶν
222 1361 297 1424 ούδὲ
326 1372 384 1448 τῆς
412 1366 491 1447 περὶ
517 1366 555 1425 τό
579 1359 711 1443 ἀγαλμα
742 1359 912 1445 δαπάνης,
942 1363 1080 1422 ὁπόσων
1106 1366 1230 1446 χρυσός
1259 1367 1376 1451 ώνήθη

73 1473 100 1523 10
123 1462 294 1526 ταλάντων
317 1467 372 1526 καὶ
395 1462 528 1550 ἐλέφας,
553 1466 604 1526 ἔτι
628 1462 663 1525 δέ
685 1466 892 1546 κυπάριττος
911 1464 968 1524 καί
982 1463 1069 1524 θύον
1093 1467 1180 1548 πρός
1202 1468 1261 1551 τήν
1284 1469 1378 1543 έντός

123 1568 282 1648 ἐργασίαν
304 1570 448 1646 μόνιμος
463 1564 523 1651 ύλη
539 1568 595 1628 καί
618 1563 848 1650 ἀδιάφθορος,
872 1573 1001 1650 τροφῆς
1016 1563 1123 1628 τεκαὶ
1136 1568 1275 1646 μισθῶν
1298 1571 1377 1632 ἀνα-

125 1666 278 1747 λώματος
290 1673 362 1742 τοῖς
378 1670 620 1752 ἐργασαμένοις
637 1668 694 1727 ούκ
710 1662 837 1748 όλίγόις
854 1664 930 1728 ούδέ
948 1663 1060 1748 ὀλίγον
1073 1671 1193 1752 χρόνον
1209 1666 1326 1744 ἀλλοις
1340 1691 1376 1732 τε

123 1773 161 1831 ού
180 1769 324 1856 φαύλοις
341 1768 558 1854 δημιουργοῖς
579 1772 636 1832 καὶ
651 1772 709 1831 τόν
733 1766 893 1831 πλεῖστον
917 1763 983 1852 [καὶ
1006 1765 1223 1850 τελεώτατον]
1245 1772 1376 1850 μισθόν

122 1875 207 1957 ὑπὲρ
224 1881 283 1958 τής
304 1877 419 1956 τέχνης
436 1869 575 1953 Φειδίᾳ·
599 1879 703 1932 ταῦτα
719 1873 856 1955 μὲνγὰρ
877 1863 1027 1944 Ἠλείοις
1050 1874 1264 1956 προσήκοντα
1288 1869 1428 1954 λογί-50

74 1986 100 2036 15
124 1977 257 2037 σασθαι
286 1980 359 2048 τοῖς
388 1971 604 2036 ἀναλώσασιν
634 1974 800 2057 ἀφθόνως
822 1974 878 2033 καί
905 1970 1190 2055 μεγαλοπρεπῶς·
1219 1977 1317 2058 ήμεῑς
1340 1971 1375 2036 δὲ

123 2081 208 2161 1ὑπὲρ
239 2075 340 2138 ἀλλου
372 2079 524 2160 φήσομεν
550 2073 597 2156 τῴ
616 2071 745 2167 φειδίηι
775 2074 984 2157 προκεῖσθαι
1012 2077 1070 2135 τόν
1101 2077 1229 2156 ἀγῶνα·
1265 2077 1295 2136 εί
1319 2076 1376 2137 οὖν

125 2175 163 2262 δή
189 2176 279 2259 λέγοι
301 2200 353 2252 τις
377 2180 463 2261 πρός
487 2179 596 2251 αὐτόν,
619 2169 653 2237 Ὠ
673 2173 826 2256 βέλτιστε
848 2177 904 2236 καὶ
926 2177 1043 2258 ἄριστε
1065 2184 1131 2238 τῶν
1156 2174 1375 2262 δημιουργῶν,

125 2283 171 2354 ὡς
192 2282 253 2360 μέν
275 2277 337 2365 ήδύ
360 2281 415 2341 καί
438 2277 629 2363 προσφιλὲς
651 2282 760 2361 όραμα
783 2279 839 2338 καὶ
860 2282 982 2362 τέρψιν
1009 2280 1178 2364 ἀμήχανον
1200 2280 1287 2354 θέας
1309 2282 1375 2365 είρ-

19 2385 216 2463 ικοιυγάσω
247 2390 352 2443 πᾶσιν
375 2374 516 2465 Ἕλλησι
543 2383 599 2443 καί
628 2381 830 2464 βαρβάροις,
865 2372 1053 2442 όσοιποτέ
1085 2379 1181 2465 δεῦρο
1211 2384 1374 2466 ἀφίκοντο

73 2496 101 2543 κο
124 2481 246 2546 πολλοὶ
270 2481 442 2561 πολλάκις,
468 2482 576 2556 ούδεὶς
599 2485 738 2567 ἀντερεῖ.
784 2481 831 2565 τῴ
849 2483 911 2567 γάρ
937 2485 1009 2544 όντι
1030 2485 1087 2545 καὶ
1108 2480 1167 2567 τήν
1189 2481 1311 2566 ἀλογον
1335 2488 1424 2550 ἀν51

123 2584 298 2671 ἐκπλήξειε
321 2590 420 2648 τούτό
436 2607 471 2668 γε
487 2593 553 2648 τῶν
578 2581 671 2668 ζώων
695 2587 808 2669 φύσιν,
833 2586 863 2646 εί
880 2582 1035 2647 δύναιντο
1059 2583 1237 2669 προσιδεῖν
1260 2590 1373 2666 μόνον,

122 2692 252 2772 ταύρων
276 2711 311 2751 τε
334 2697 400 2752 τῶν
424 2691 476 2751 ἀεὶ
500 2691 586 2773 πρός
608 2685 704 2749 τόνδε
727 2690 784 2748 τόν
807 2688 921 2767 βιομδν
951 2689 1138 2768 ἀγομένων,
1170 2691 1216 2761 ὡς
1239 2692 1375 2765 ἑκόντας

121 2794 256 2870 ὑπέχειν
279 2797 352 2866 τοῖς
372 2796 644 2876 καταρχομένοις,
668 2788 703 2851 εἴ
720 2811 795 2851 τινα
819 2786 1006 2873 παρέξουσι
1028 2787 1075 2871 τῴ
1098 2787 1171 2870 θεῷ
1191 2787 1299 2874 χάριν,
1323 2793 1375 2854 ἔτι

123 2891 157 2954 δὲ
181 2895 288 2954 ἀετῶν
311 2895 424 2955 τεκαὶ
447 2895 565 2955 ἵππων
587 2895 643 2954 καί
666 2890 825 2968 λεόντων,
855 2893 902 2965 ὡς
924 2894 962 2953 τό
987 2892 1151 2976 ἀνήμερον
1179 2894 1235 2953 καί
1257 2895 1375 2977 ἀγριον

70 3008 98 3056 25
122 2997 308 3074 σβέσαντας
331 3003 392 3055 τού
412 2996 528 3074 θυμοῦ
550 2990 677 3078 πολλήν
700 2987 838 3076 ήσυχίαν
862 2996 964 3075 ἄγειν,
989 2993 1202 3077 τερφθέντας
1224 2996 1291 3056 ὑπό
1314 3005 1374 3082 τῆς

124 3098 223 3169 θέας·
241 3096 437 3178 ἀνθρώπων
454 3094 503 3173 δέ,
520 3097 557 3170 δς
573 3098 613 3158 ἀν
624 3077 646 3179 ή
659 3093 833 3170 παντελῶς
848 3098 1016 3170 ἐπίπονος
1032 3092 1090 3181 τὴν
1108 3098 1226 3180 ψυχήν,
1244 3095 1374 3172 πολλάς

122 3195 330 3281 ἀναντλήσας
355 3199 532 3281 συμφοράς
554 3200 610 3259 καί
634 3195 742 3271 λύπας
766 3201 800 3259 έν
816 3196 863 3279 τῴ
879 3200 942 3279 βίῳ
959 3196 1043 3282 μηδὲ
1066 3200 1172 3260 ύπνον
1194 3197 1275 3284 ήδύν
1298 3201 1374 3262 έπι-

120 3296 341 3378 βαλλόμενος,
370 3301 426 3361 καὶ
449 3299 485 3373 δς
509 3297 605 3360 δοκεῖ
621 3320 681 3378 μοι
703 3291 778 3360 κατ’
804 3301 955 3360 ἐναντίον
979 3301 1060 3375 στάς
1083 3299 1184 3386 τήσδε
1207 3311 1266 3387 τῆς
1289 3304 1374 3362 είκό·

207 3507 221 3554 5
241 3498 311 3570 δήμη
330 3496 509 3572 ούργίματοο
526 3498 638 3565 (εἰο1)Ρ
692 3494 857 3571 Βρημάτων
875 3498 905 3552 Μ
957 3504 972 3553 9
991 3501 1057 3571 περί
1075 3503 1127 3569 τῆσ
1144 3499 1205 3563 (hoc
1224 3500 1327 3565 ord.)B

122 3582 277 3643 δπόσονΒ
349 3590 379 3639 111
398 3580 438 3640 ἔτι
457 3585 557 3641 τεΙλΒ
576 3582 632 3642 εἴτε
651 3585 680 3638 Μ
731 3586 909 3654 κυπαρίττου
925 3587 974 3640 καί
990 3578 1064 3640 θύον
1082 3584 1162 3638 UBM
1232 3584 1374 3662 πρὸςῑῇγ

119 3666 203 3738 ἐντὸς
221 3671 361 3744 ἐργασίαν
377 3666 501 3740 μόνιμος
517 3661 568 3742 ἀλη
586 3673 634 3726 καί
652 3663 835 3741 ἀδιάφθορος
858 3669 968 3738 scripsi,
991 3667 1066 3743 πρὸς
1084 3667 1135 3742 τήν
1151 3670 1183 3728 ἐν
1200 3677 1236 3744 τῇ
1252 3672 1373 3750 ἐργασία

120 3754 244 3826 μόνιμον
261 3746 329 3826 ἀλην
346 3758 395 3811 καὶ
413 3748 599 3826 ἀδιάφθορον
623 3754 685 3808 libri
756 3759 782 3810 11
805 3747 996 3822 ἀναλώματος
1014 3757 1078 3811 Wil.
1103 3748 1243 3826 ἀνάλωμα
1260 3759 1322 3812 libri

122 3847 153 3896 13
167 3840 337 3896 scribendum
347 3844 395 3895 καὶ
408 3845 449 3915 τῷ
458 3846 594 3898 πλεῖστον
604 3834 785 3912 ἀπολαβόντι
794 3836 902 3908 μισθὸν
936 3844 984 3898 καί
993 3838 1172 3898 τελεώτατον
1180 3843 1374 3911 interpolatum

100 3943 153 4002 ἐκ
172 3944 197 3996 p.
213 3931 269 3992 170,
285 3930 315 3980 14
333 3925 418 3989 (Wil.)
489 3931 521 3980 14
538 3923 669 3994 ήλείασΡ
687 3929 763 3993 (mrg.
781 3919 900 3996 ήλείοισ)
967 3931 996 3980 15
1012 3936 1077 3984 τοῖσ
1094 3921 1278 3996 ἀναλώμασιν
1292 3928 1323 3981 Μ

124 4017 152 4065 16
168 4016 267 4080 φῶμεν
281 4011 370 4064 malim
386 4027 435 4078 pro
450 4006 579 4081 φήσομεν
631 4010 739 4082 φιδίαΡ
794 4015 824 4065 18
837 4005 881 4066 ώσ
891 4011 944 4080 μίν
957 4002 1007 4068 οὖν
1025 4012 1096 4076 libri,
1116 4004 1167 4068 οὖν
1185 4029 1237 4067 om.
1258 4013 1321 4066 edit.

124 4101 153 4150 19
167 4093 252 4153 πάλιν
265 4111 314 4164 pro
327 4099 414 4152 πᾶσιν
427 4095 448 4149 Ρ
519 4089 626 4152 ὁπόσοι
639 4095 664 4148 Υ
735 4099 767 4148 20
785 4089 836 4166 τήν
853 4089 891 4152 ἀν
902 4093 1012 4167 ἀλογον
1023 4093 1152 4167 ἐκπλήξει
1165 4098 1186 4150 Ρ
1197 4094 1247 4168 τήν
1265 4095 1376 4170 ἀλογον

121 4178 249 4252 ἐκπλήξει
260 4181 351 4244 ceteri,
364 4194 433 4234 corr.
445 4179 551 4235 Geelius
604 4185 636 4235 23
647 4181 817 4236 scribendum
829 4177 945 4238 ἑαυτοὺς
953 4176 1070 4252 ἀπέχειν
1116 4187 1149 4236 24
1158 4179 1291 4239 λεόντων
1302 4182 1322 4236 Ρ

122 4268 153 4316 25
176 4261 322 4337 οβὲοαντα
341 4264 386 4318 ΡΥ
405 4255 569 4337 σβέσαντοσ
587 4266 667 4321 UBM
754 4263 835 4338 ἀγειν
852 4282 903 4321 om.
923 4265 953 4318 M
1032 4263 1196 4338 τερφθέντα
1213 4267 1283 4334 iibri,
1303 4283 1373 4322 corr.

122 4365 228 4420 Geelius
297 4370 328 4420 26
347 4350 419 4424 ἀναν
437 4366 467 4443 δὲ
484 4367 505 4421 Ρ
575 4362 626 4438 τὴν
644 4365 729 4438 τύχην
748 4368 878 4435 Cobetus3
898 4383 952 4422 non
970 4367 1070 4422 accedo
1141 4373 1171 4422 27
1191 4362 1375 4442 ἀπαντλήσας

121 4449 191 4513 libri,
210 4466 278 4504 corr.
298 4451 379 4506 Dind.
449 4447 599 4522 ξυμφοράσ
617 4453 670 4506 ΒΜ
753 4448 1006 4524 ίπιβαλόμενοσΡ
1085 4450 1312 4525 ἐπιβαλλόμενος
1330 4455 1374 4510 vix

120 4548 228 4598 sanum
248 4534 419 4590 scribendum
437 4531 477 4592 ἔτι
495 4533 652 4609 λαμβάνων
723 4540 755 4590 28
773 4530 828 4594 τάσ
845 4551 894 4604 pro
913 4531 986 4593 στάσ
1004 4537 1033 4592 Μ
1103 4533 1226 4596 εἰκόνωσ
1243 4539 1272 4592 Μ
