3068 5160
201 347 243 408 92
617 347 742 404 DIONIS
760 347 812 404 DE
830 345 1050 404 TYRANNIDE

203 521 265 607 ήδη
283 520 476 608 προέλαβον
491 526 530 585 τό
547 525 658 607 ἔργον·
676 526 710 584 οί
726 525 787 602 μὲν
801 519 901 607 <γάρ>
919 525 954 585 έν
969 523 1024 607 νηί
1031 518 1272 602 χειμαζόμενοι
1290 523 1329 584 ού
1348 529 1465 608 περιέ·

203 645 321 704 μειναν
343 623 527 687 καταδῦναι
548 628 608 710 τήν
631 633 721 702 ναῦν,
745 622 830 686 ἀλλά
854 627 1020 708 πρότερον
1044 626 1166 699 αύτούς
1189 622 1406 711 ἀπέσφαξαν,
1432 628 1466 686 οί

200 725 242 823 δὲ
272 724 445 807 πολεμίων
469 724 758 812 περιειληφότων,
790 733 911 812 σαφῶς
935 724 1064 801 είδότες
1086 729 1140 788 ότι
1163 723 1259 788 ούδέν
1281 727 1466 790 πείσονται

154 830 194 892 43
206 826 404 911 δεινότερον.
457 837 556 890 τοῦτο
594 826 632 914 δή
668 831 706 889 τό
733 825 884 907 χαλεπόν
913 828 966 890 ἀεί
995 831 1143 911 πάρεστι
1169 833 1243 902 τοῖς
1269 831 1465 913 μονάρχοις,

206 933 332 1010 ὁμοίως
360 933 420 1010 μὲν
447 934 592 1015 ήμέρας,
622 931 749 1009 ὁμοίως
779 927 814 991 δὲ
844 932 969 1003 νυκτός.
1013 932 1069 992 καί
1097 934 1171 1004 τοῖς
1196 932 1257 1010 μὲν
1278 927 1461 992 καταδικα·
1481 940 1534 993 δύο

206 1034 344 1095 σθεῖσιν
368 1037 474 1117 ήμέρα
497 1034 579 1117 ῥητή
605 1034 794 1116 πρόκειται,
817 1033 852 1094 ἐν
874 1022 897 1115 ᾗ
920 1027 977 1093 δεῖ
995 1032 1239 1117 ἀποθνήσκειν,
1262 1037 1336 1107 τοῖς
1356 1029 1393 1094 δέ
1409 1034 1465 1094 καί

205 1142 303 1195 τοῦτο
328 1131 469 1217 άδηλον,
500 1131 568 1194 εἴτε
590 1123 666 1211 μετ’
693 1129 805 1214 ὀλίγον
829 1131 896 1194 εἴτε
918 1129 999 1218 ήδη,
1022 1135 1079 1196 καί
1101 1131 1212 1208 οὐδεὶς
1232 1135 1363 1217 καιρός,
1387 1132 1464 1196 ούδέ

207 1237 225 1296 ό
250 1237 474 1320 βραχύτατος,
506 1230 720 1318 ἀπήλλακται
741 1236 862 1296 τούτου
885 1243 947 1296 τοῦ
969 1232 1082 1312 δέους,
1112 1231 1196 1297 ἀλλά
1218 1236 1275 1297 καὶ
1298 1235 1465 1298 ἐσθίοντα

208 1340 331 1422 ἀνάγκη
367 1335 515 1399 δεδιέναι
542 1337 599 1397 καὶ
626 1335 757 1396 θύοντα
786 1341 860 1410 τοῖς
882 1337 982 1411 θεοῖς
1003 1338 1059 1398 καί
1082 1338 1262 1417 συμπίνειν
1284 1339 1394 1418 τούτῳ
1419 1336 1465 1419 τῷ

156 1445 198 1504 44
209 1441 306 1524 φόβῳ
337 1441 394 1501 καί
424 1433 675 1519 συγκαθεύδειν.
721 1437 751 1498 εί
778 1435 816 1498 δέ
844 1458 929 1500 ποτε
959 1435 1108 1500 ἐπέλθοι
1136 1433 1270 1515 παίζειν
1299 1444 1376 1513 τοῖς
1397 1459 1467 1500 τοι·
1487 1450 1511 1501 11

210 1543 340 1617 ούτοις,
369 1541 426 1601 καί
454 1541 542 1622 πρός
572 1535 793 1623 ἀφροδισίοις
822 1533 945 1622 [οὗτος]
974 1543 1185 1621 γιγνόμενος,
1215 1540 1274 1602 έάν
1296 1542 1354 1602 καί
1377 1543 1466 1602 πάνυ

209 1645 288 1726 τύχῃ
311 1645 407 1727 ἐρῶν,
429 1646 598 1724 μέμνηται
620 1648 683 1702 τού
703 1642 867 1718 θανάτου,
892 1644 939 1716 ὡς
960 1644 1058 1721 τυχόν
1080 1633 1142 1703 ὑπ’
1168 1641 1278 1703 αὐτῶν
1300 1648 1370 1702 τῶν
1385 1643 1467 1725 ἐρω-

158 1750 199 1810 45
208 1749 318 1824 μένων
347 1740 597 1822 ἀπολούμενος,
628 1744 716 1805 ὥστε
741 1763 802 1822 μοι
825 1741 922 1805 δοκεῖ
938 1746 1015 1805 τότε
1036 1745 1140 1832 μόνον
1159 1744 1301 1827 χαίρειν,
1324 1741 1467 1806 έπειδάν

209 1842 331 1930 πληγῇ,
355 1847 437 1931 ἀνήρ
460 1848 632 1929 τύραννος,
656 1848 703 1920 ὡς
725 1853 787 1906 τοῦ
807 1846 966 1926 μεγίστου
989 1852 1094 1905 κακοῦ
1114 1841 1383 1929 ἀπηλλαγμένος.
1428 1847 1467 1907 τό

211 1945 246 2009 δὲ
269 1951 407 2009 πάντων
430 1948 665 2024 ἀτοπώτατον,
690 1948 724 2008 οἱ
745 1949 805 2026 μέν
827 1947 889 2031 γάρ
914 1943 1013 2007 άλλοι
1036 1945 1152 2009 ἴσασιν
1169 1949 1205 2008 έν
1220 1951 1297 2021 ταῖς
1313 1947 1469 2021 ἀνιάτοις
1488 1960 1513 2011 11

208 2053 399 2132 γιγνόμενοι
423 2054 616 2134 συμφοραῖς
623 2097 634 2127 ,
662 2051 749 2110 ὥστε
773 2049 810 2109 ού
833 2045 941 2110 πολύν
960 2051 1081 2133 χρόνον
1102 2049 1365 2112 κακοπαθοῦσιν
1373 2097 1383 2126 ,
1415 2049 1467 2123 οἷς

209 2153 249 2213 ἀν
278 2154 322 2236 μή
354 2148 519 2212 ἀδύνατον
548 2132 570 2234 ᾗ
597 2152 635 2211 τό
665 2151 912 2235 ἀποθνήσκειν
943 2152 977 2211 οί
1006 2148 1041 2212 δὲ
1071 2153 1229 2234 τύραννοι
1256 2151 1299 2211 τὰ
1321 2153 1466 2232 μέγιστα

208 2252 291 2312 κακά
322 2252 453 2330 ἔχοντες
481 2254 517 2313 έν
544 2257 618 2326 τοῖς
644 2253 818 2332 μεγίστοις
847 2248 1041 2332 νομίζουσιν
1064 2253 1212 2335 ἀγαθοῖς
1234 2251 1339 2329 εἶναι,
1370 2251 1469 2332 οἶμαι

209 2362 250 2438 τῇ
281 2349 360 2436 δόξῃ
390 2360 457 2414 τῶν
487 2350 598 2414 ἀλλων
627 2354 824 2438 ἀνθρώπων
851 2350 1103 2439 ἐξηπατημένοι
1130 2361 1197 2416 τῶν
1226 2354 1381 2439 ἀπείρων
1407 2362 1470 2415 τού

158 2462 199 2523 46
211 2457 418 2538 πράγματος.
456 2455 513 2514 καί
534 2456 657 2538 ταύτην
681 2457 699 2515 ό
720 2455 805 2529 θεός
828 2455 944 2529 αὐτοῖς
958 2458 1018 2541 τήν
1034 2458 1172 2537 ἀγνοιαν
1189 2450 1390 2534 συνέζευξεν,
1415 2457 1469 2518 ἵνα
1489 2469 1515 2520 111

213 2562 437 2641 παραμένωσι
465 2550 693 2636 κολαζόμενοι.
740 2553 836 2618 δοκεῖ
861 2553 896 2617 δὲ
925 2562 1000 2631 τοῖς
1028 2559 1089 2636 μέν
1117 2557 1156 2620 εὖ
1182 2559 1376 2641 πράττουσι
1401 2565 1469 2620 τῶν

213 2658 410 2742 ἀνθρώπων
434 2659 452 2718 ό
473 2659 534 2737 μὲν
557 2658 633 2737 βίος
655 2659 817 2737 ἀμείνων,
841 2659 860 2719 ό
882 2655 918 2719 δὲ
941 2659 1094 2733 θάνατος
1117 2656 1174 2721 διά
1196 2666 1297 2721 τούτο
1320 2656 1470 2744 λυπηρό·

160 2767 200 2826 47
212 2774 325 2843 τερος·
371 2762 405 2820 οί
433 2758 469 2822 δὲ
499 2761 544 2821 αὖ
570 2767 679 2835 κακῶς
709 2756 829 2836 ζῶντες
857 2763 915 2822 τόν
943 2762 1019 2842 βίον
1049 2758 1186 2823 δοκοῦσι
1208 2758 1470 2845 δυσχερέστερον

212 2866 338 2946 φέρειν,
361 2864 419 2924 τόν
443 2859 478 2923 δὲ
502 2863 655 2924 θάνατον
677 2859 774 2946 ήδιον
798 2860 1064 2947 προσδέχεσθαι.
1098 2868 1172 2937 τοῖς
1187 2860 1226 2925 δέ
1239 2882 1275 2944 γε
1290 2865 1471 2948 τυράννοις

212 2963 389 3047 ἀμφότερα
420 2971 525 3024 ταῦτα
550 2960 772 3048 χαλεπώτερα
795 2965 814 3048 ἢ
839 2970 912 3038 τοῖς
934 2961 1071 3039 ἀλλοις·
1103 2961 1187 3042 ζῶσι
1207 2967 1268 3046 μὲν
1290 2965 1355 3050 γάρ
1379 2963 1469 3028 πολύ
1490 2979 1515 3029 21

211 3059 414 3147 ἀηδέστερον
442 3071 509 3125 τῶν
539 3066 628 3126 πάνυ
656 3066 919 3143 ἐπιθυμούντων
946 3064 1127 3145 τεθνάναι,
1160 3070 1218 3130 τόν
1247 3065 1283 3130 δέ
1312 3065 1469 3132 θάνατον

160 3169 199 3233 48
211 3166 298 3226 οὕτω
332 3161 524 3226 δεδοίκασιν
553 3167 600 3240 ὡς
621 3163 744 3250 ήδιστα
768 3164 941 3249 διάγοντες
963 3170 999 3230 έν
1021 3167 1069 3250 τῷ
1092 3169 1166 3250 βίῳ.
1213 3173 1410 3256 πεφυκότος
1434 3168 1469 3233 δὲ

298 3406 308 3454 1
328 3397 379 3472 ήόη
397 3402 500 3457 πολλοί
518 3401 580 3464 (hoc
597 3401 666 3468 ord.)
683 3401 707 3455 Y
763 3397 821 3474 γὰρ
838 3401 901 3456 add.
920 3402 983 3456 Wil.
1056 3399 1123 3461 οὔτε
1140 3403 1323 3476 περιέμειναν
1339 3405 1419 3464 UBV

211 3489 226 3538 2
243 3480 295 3557 τὴν
313 3489 366 3543 νᾶν
382 3485 407 3539 Υ
500 3487 515 3537 3
533 3482 755 3558 παρειληφότων
772 3487 844 3541 VPY
861 3488 894 3554 (2)
912 3483 1134 3561 προειληφότων
1150 3489 1208 3556 UB,
1227 3505 1298 3546 corr.
1316 3490 1399 3561 Emp.

209 3566 398 3642 πήσονταιΥ
500 3565 631 3628 4κακὸν
654 3586 704 3641 pro
729 3567 936 3642 όεινότερονῩ
1038 3569 1202 3647 μονάρχαισ
1223 3573 1272 3628 PY
1360 3573 1470 3634 ’ίούτε

211 3652 295 3713 δΠΒ
380 3661 396 3712 9
419 3660 469 3713 καί
492 3657 642 3725 συμπίνειν
661 3687 696 3696 -
715 3653 918 3728 συγκαθεύδειν
939 3657 1019 3726 vulgo
1036 3658 1162 3727 leguntur
1185 3662 1249 3729 post
1265 3649 1471 3728 ἀπολούμενος

209 3741 227 3795 l.
243 3745 283 3806 13,
300 3742 355 3796 huc
371 3745 477 3809 transp.
497 3741 605 3796 Geelius
693 3747 724 3796 10
742 3738 823 3799 ἔλθοι
841 3743 863 3796 P
950 3751 1016 3799 τοῖο
1033 3739 1180 3800 τοιούτοισ
1196 3744 1310 3812 παίζειν
1331 3743 1371 3807 U;
1399 3746 1470 3800 scri·

208 3825 326 3880 bendum
349 3830 392 3901 τῷ
409 3822 532 3902 τοιούτῳ
620 3830 650 3880 11
675 3817 765 3884 οὗτοσ
786 3844 836 3883 om.
856 3827 945 3893 UBV,
972 3827 1164 3898 interpolatum
1186 3829 1221 3884 ab
1243 3828 1333 3884 altera
1354 3827 1469 3896 familia,

209 3925 243 3964 ne
266 3911 371 3965 numeri
393 3910 507 3965 mutatio
534 3910 683 3966 offenderet
767 3909 941 3984 γιγνόμενον
962 3912 1039 3969 UBV
1138 3916 1168 3966 13
1199 3907 1424 3982 ἀπολλούμενοσ
1444 3915 1470 3968 Y

209 3988 412 4065 ἀπολούμενον
423 3995 498 4051 UBV
567 3990 636 4051 τότε
653 3995 706 4065 μὲν
715 3999 829 4070 χαίρειν
840 3999 916 4054 UBV
928 3995 997 4055 τότε
1013 3999 1126 4070 χαίρειν
1143 3997 1199 4063 ΡΥ,
1216 3993 1310 4067 μόνον
1321 3998 1427 4055 Jacobs

209 4077 343 4152 έπειόὴΡ
414 4085 445 4133 15
463 4077 545 4137 ἀλλοι
563 4076 714 4137 πάντεσΥ
790 4086 821 4135 16
838 4079 985 4154 γινόμενοι
1003 4084 1065 4138 libri
1135 4087 1165 4137 17
1183 4103 1222 4155 μη
1244 4083 1412 4140 όυνατονν

212 4170 241 4219 19
260 4160 312 4237 τὴν
329 4162 457 4232 όόξανλί
525 4170 585 4223 ταῖν
606 4159 737 4238 ἀπείρων
762 4183 814 4223 om.
832 4169 882 4224 UB
956 4173 989 4222 20
1006 4161 1075 4225 κατ’
1094 4161 1182 4240 αὐτὴν
1201 4161 1217 4224 ό
1235 4163 1312 4225 θεὸσ
1328 4161 1471 4226 αύτοῖσΥ

211 4246 315 4322 ταύτην
337 4244 439 4308 αύτοῖσ
463 4246 480 4308 δ
503 4249 578 4310 θεύσ
599 4256 661 4318 (om.
686 4255 736 4309 καί
759 4256 787 4306 et
808 4253 861 4307 hoc
883 4252 951 4319 ord.)
968 4254 991 4306 B
1011 4249 1027 4309 ὃ
1046 4247 1120 4309 θεδσ
1137 4247 1194 4324 γὰρ
1212 4245 1355 4310 αύτοῑσΡ
1375 4247 1392 4312 ό
1411 4251 1470 4327 γὰρ

210 4331 285 4391 θεὸσ
303 4329 446 4393 αύτοῖσΥ
528 4341 560 4392 22
579 4333 623 4395 όιά
641 4341 729 4395 τοῦτο
748 4353 800 4392 om.
818 4338 867 4394 UB
963 4342 995 4391 23
1014 4341 1130 4394 δοκοῦσι
1153 4352 1204 4391 om.
1224 4337 1299 4393 UBV
1387 4343 1423 4394 24
1440 4339 1470 4397 όέ

209 4424 273 4488 post
289 4417 421 4477 θάνατον
438 4428 541 4492 transp.
561 4423 586 4476 Y
637 4420 687 4494 ήδη
704 4438 754 4492 pro
771 4413 852 4495 ήόιον
869 4423 917 4477 UB
975 4419 1200 4496 προόὲχεσθαιΡ
1214 4418 1422 4494 έκδὲχεσθαιῖ

211 4509 244 4559 25
261 4501 442 4579 χαλεπότερα
460 4507 481 4559 Ρ
542 4510 573 4559 21
594 4505 660 4564 ούτε
679 4510 840 4565 δεδοίκασιν
857 4506 883 4562 U
946 4503 1101 4579 όιάγονεοσ
1117 4506 1141 4560 Y
