3068 5160
204 272 265 330 226
664 270 788 326 DIONIS
806 269 997 326 RHODIAOA

200 450 256 510 καί
278 451 513 531 μετριωτέρων
535 446 747 530 ἀνθρώπων,
779 447 836 506 οὐκ
858 447 898 508 ἀν
920 444 1085 520 διστάσας
1106 447 1145 507 τδ
1169 446 1255 530 περὶ
1279 445 1350 519 τάς
1375 463 1475 523 τιμω-

200 552 277 630 ρίας
300 547 451 627 εἴποιμι·
477 547 564 630 εἴγε
587 555 685 608 τοῦτο
707 550 768 627 μὲν
792 549 883 610 ἔστιν
907 549 1090 629 ἀνενεγκεῖν
1112 549 1162 621 είς
1178 543 1476 632 φιλανθρωπίαν,

201 653 251 725 εἰς
274 647 383 726 ἔλεον,
407 652 456 724 εἰς
479 647 563 711 ἀλλα
586 657 744 727 τοιαῦτα,
768 652 856 735 άπερ
879 651 970 711 ἐστίν
995 651 1101 711 οἰκεῖα
1124 649 1198 722 τοῖς
1218 652 1419 733 χρηστοῖς·
1441 649 1475 709 τί

202 751 237 812 δὲ
260 758 327 812 τῶν
350 753 498 835 ἀρίστων
521 749 651 835 ἀνδρῶν
674 749 976 814 ἐπιλανθάνεσθαι
996 754 1053 814 καί
1074 751 1115 812 τά
1138 758 1198 836 τῆς
1221 750 1359 834 ἀρετῆς
1384 745 1475 810 ἆθλα

203 855 406 937 ἀποστερεῖν
440 855 498 914 οὐκ
531 855 582 915 ἔνι
614 857 786 935 τυγχάνειν
822 850 978 932 οὐδεμιᾶς
1012 854 1203 938 εὐπρεποῦς
1238 853 1496 936 προφάσεωςί

202 949 278 1017 ἀλλ’
304 958 494 1040 ἀχαριστίᾳ,
523 957 656 1040 φθόνῳ,
677 953 892 1040 μικρολογίᾳ,
917 961 1003 1016 πᾶσι
1024 959 1097 1029 τοῖς
1120 955 1321 1033 αἰσχίστοις
1348 953 1476 1036 ἀνάγκη

203 1060 396 1143 προσήκειν.
435 1060 486 1120 έτι
511 1055 546 1119 δὲ
570 1060 685 1138 οἱμὲν
708 1059 787 1131 τούς
810 1057 908 1130 ὄντας
927 1058 1097 1141 πονηρούς
1112 1056 1212 1142 ήττον
1233 1055 1475 1139 κατείργουσι,

205 1161 265 1234 τάς
287 1157 443 1234 κολάσεις
466 1161 629 1234 ἀνιέντες·
655 1162 688 1220 οἱ
711 1157 746 1221 δί
764 1160 860 1220 αὐτοὶ
875 1159 916 1218 τά
932 1163 1075 1240 μέγιστα
1091 1154 1383 1242 ἐξαμαρτάνουσι
1400 1159 1476 1240 περί

204 1264 283 1335 τούς
305 1262 487 1344 εὐεργέτας.
532 1264 682 1342 τοσούτφ
714 1258 748 1322 δὲ
777 1268 876 1322 τοῦτο
908 1261 1035 1322 ἐκείνου
1057 1262 1173 1322 κάκιον
1202 1261 1274 1340 όσφ
1302 1261 1345 1320 τδ
1375 1259 1475 1320 αὐτόν

151 1361 333 1430 ἳθάδικεῖν
356 1370 417 1423 τοῦ
437 1366 481 1448 μή
508 1360 641 1448 σφόδρα
664 1360 803 1424 κωλύειν
827 1365 950 1445 ἕτερον.
1055 1363 1092 1423 οὐ
1115 1361 1228 1424 τοίνυν
1253 1357 1340 1423 οὐδὲ
1368 1363 1475 1423 ἐκεῖνο
1492 1371 1508 1422 Ιί

204 1467 296 1525 ἔστιν
320 1465 430 1525 εἰπεῖν
453 1467 506 1526 ότι
527 1467 572 1550 μή
595 1473 694 1525 τοῦτο
717 1465 862 1547 ὑπάρχει
890 1469 1049 1545 μέγιστον
1072 1470 1138 1524 τῶν
1161 1459 1366 1542 δεδομένων
1391 1464 1476 1525 τισί·

205 1564 280 1644 δίχα
303 1565 365 1649 γάρ
389 1573 451 1626 τοῦ
471 1572 576 1627 πᾶσιν
599 1565 687 1628 είναι
711 1568 856 1650 φανερόν
880 1569 1014 1639 ἑαυτοῖς
1036 1567 1171 1626 ἐναντία
1193 1566 1341 1648 ἐροῦσιν
1369 1565 1408 1626 οί
1432 1561 1477 1626 λέ-

204 1687 327 1748 γοντες.
374 1668 460 1750 φασί
487 1668 548 1752 γάρ
578 1669 721 1751 ἀνάγκην
752 1665 840 1728 εἶναι
870 1664 1018 1740 πολλοὺς
1047 1668 1082 1728 ἐν
1111 1664 1159 1748 τῷ
1188 1668 1348 1749 παρόντι
1378 1671 1477 1746 τιμάν

203 1777 270 1832 τῶν
299 1772 505 1851 ἡγουμένων,
535 1768 587 1843 οίς
617 1771 746 1830 άπασιν
775 1771 906 1842 εἰκόνας
935 1769 965 1830 εἰ
994 1765 1107 1852 δεήσει
1134 1763 1476 1844 κατασκευάζεσθαι,
1489 1780 1524 1834 ml

204 1868 351 1955 μεγάλην
379 1871 454 1932 τινά
483 1871 628 1932 ἔσεσθαι
657 1873 715 1956 τήν
740 1868 911 1954 δαπάνην,
941 1873 987 1944 ὡς
1010 1872 1072 1944 τάς
1092 1889 1128 1950 γε
1151 1865 1257 1943 ἀλλας
1282 1871 1398 1950 τιμάς
1424 1871 1512 1933 οὐκί

207 1975 310 2048 υύσας
332 1964 409 2035 κατ’
435 1974 556 2046 αὐτούς
580 1970 656 2034 οὐδὲ
679 1970 938 2052 ἀποδεξομένων
970 1973 1079 2033 αὐτῶν
1110 1973 1156 2045 ὡς
1181 1967 1271 2031 πολύ
1297 1967 1479 2048 ἐλάττους.

165 2079 246 2139 ἳῖτά
269 2079 330 2156 μὲν
353 2073 391 2160 δή
416 2083 475 2160 της
498 2071 653 2159 δαπάνης
676 2075 748 2136 οίόν
771 2077 863 2137 ἐστιν
880 2075 1014 2155 ὄψεσθε
1032 2074 1117 2152 μετά
1139 2075 1277 2157 μικρόν·
1304 2074 1349 2134 τδ
1367 2071 1409 2136 δὲ
1425 2095 1480 2154 με·

207 2179 324 2261 γίστην
348 2175 435 2237 εἶναι
458 2183 524 2237 τῶν
546 2184 663 2255 τιμῶν,
686 2177 725 2259 ήν
749 2178 977 2262 ἀφαιροῦνται
999 2177 1078 2249 τούς
1096 2171 1284 2260 εἰληφότας
1302 2180 1480 2262 πρότερον

207 2281 242 2338 ἐκ
265 2279 394 2338 τούτων
416 2273 639 2361 ὡμολόγηται.

293 2380 349 2440 καί
371 2379 436 2463 μήν
460 2378 590 2439 ἀτόπου
614 2399 650 2459 γε
673 2380 769 2452 ὄντος
791 2387 852 2439 τού
872 2400 947 2440 τινα
971 2384 1133 2463 παρεῖναι
1155 2385 1221 2440 τῶν
1237 2375 1352 2456 ἀξίων
1376 2390 1515 2467 τιμῆςύ

208 2483 265 2543 καί
286 2477 453 2565 μηδεμίαν
477 2485 664 2563 παρασχεῖν
686 2480 831 2564 ἀμοιβήν
853 2489 912 2565 της
935 2481 1142 2563 εὐεργεσίας,
1172 2481 1218 2554 ὡς
1241 2482 1392 2544 πάντων
1414 2485 1479 2563 μά-

211 2581 309 2645 λιστα
340 2583 462 2666 ἀνάγκη
492 2584 627 2655 τούτοις
656 2579 846 2663 ὁμολογεῖν,
877 2583 912 2642 οί
932 2584 988 2643 καί
1016 2585 1054 2643 τό
1077 2583 1305 2667 μετριώτερον
1330 2587 1479 2671 τιμῆσαί

210 2708 285 2749 τινα
315 2694 374 2771 της
403 2681 501 2760 ἀξίας
530 2681 639 2746 δεινδν
670 2682 816 2760 οἴονται,
846 2686 884 2744 τδ
910 2686 1134 2768 τιμήσαντας,
1165 2684 1286 2745 ἔπειτα
1315 2676 1351 2747 δ’
1379 2683 1476 2747 οὐδὲν

211 2791 434 2866 αἰτιωμένους
457 2786 688 2871 ἀφαιρεῖσθαι
711 2786 752 2846 τά
777 2783 924 2846 δοθέντα
947 2793 1022 2860 πῶς
1047 2787 1104 2864 οὐχ
1125 2782 1321 2871 ὑπερβολήν
1340 2784 1474 2862 ἀδικίας

211 2892 298 2967 ἔχει,·
327 2891 365 2948 τδ
388 2889 532 2971 μὲνγὰρ
557 2889 750 2971 ἀχαριστεῖν
773 2889 847 2948 ἐστι
869 2892 942 2961 τοῖς
965 2888 1168 2978 εὐεργέταις,
1197 2890 1235 2949 τό
1261 2884 1297 2950 δὲ
1324 2885 1476 2975 ὑβρίζειν
1496 2898 1518 2949 ό

212 2992 261 3064 εἰς
284 2991 414 3067 αὐτούς,
437 2992 493 3051 καί
514 2992 552 3050 τδ
575 2994 636 3068 μέν
659 2992 733 3051 ἐστι
754 2992 798 3074 μή
823 2996 923 3068 τιμᾶν
946 2991 1025 3062 τούς
1041 2989 1193 3070 ἀγαθούς
1209 2987 1351 3073 ἀνδρας,
1376 2993 1417 3054 τδ
1442 2989 1476 3054 δὲ

160 3087 395 3171 28ἀτιμάζειν.
436 3093 543 3171 οἱμὲν
559 3093 658 3176 γάρά
682 3088 819 3152 δοκοῖσι
840 3097 913 3165 τοῖς
936 3093 1121 3152 ἐπιεικέσιν
1145 3088 1296 3177 ὀφείλειν
1321 3093 1365 3154 οὐ
1390 3113 1477 3179 παρ·

213 3199 361 3272 έχουσιν,
396 3195 430 3253 οἱ
457 3189 492 3254 δὲ
517 3194 537 3253 ἀ
569 3194 715 3278 σύνηθές
737 3196 811 3255 ε’στι
833 3193 1013 3275 γίγνεσθαι
1033 3192 1117 3252 κατά
1140 3199 1207 3254 τῶν
1229 3195 1345 3278 ἀκρως
1371 3215 1477 3280 πονη-

214 3302 297 3379 ρῶν,
327 3303 431 3356 ταῦτα
462 3298 652 3378 πράττουσι
676 3288 751 3357 κατ’
784 3297 902 3357 αὐτῶν.
948 3295 978 3355 εἰ
1000 3301 1079 3375 γοῦν
1101 3315 1154 3368 τις
1175 3301 1242 3356 τῶν
1265 3314 1357 3359 ποτε
1381 3318 1478 3378 νομι-

216 3398 369 3459 σθέντων
391 3399 536 3482 μετρίων
560 3398 664 3471 αὖθις
687 3399 867 3482 ἀνήκεστον
890 3398 1038 3481 ἁμάρτοι
1066 3417 1102 3457 τι
1122 3398 1179 3459 καί
1197 3392 1371 3476 χαλεπόν,
1404 3399 1519 3461 olom]

215 3502 245 3561 εἰ
273 3496 463 3584 προδοσίαν
491 3497 702 3580 βουλεύσειεν
730 3501 750 3583 ή
779 3495 976 3584 τυραννίδα,
1006 3505 1072 3559 τῶν
1101 3500 1265 3560 τοιούτων
1289 3498 1381 3575 ἔθος
1404 3502 1480 3563 ἐστί

304 3791 316 3838 1
339 3777 409 3841 αὐτὸ
431 3799 482 3852 pro
505 3780 540 3839 τὸ
559 3783 588 3836 Μ
692 3791 707 3838 5
730 3779 884 3856 εὐπρεπῶσ
906 3783 929 3836 Β
1032 3789 1047 3837 6
1070 3777 1239 3857 ἀχαριστεία
1261 3782 1293 3835 Μ
1316 3775 1481 3858 ἀχαριστία

218 3872 302 3926 ceteri
372 3863 490 3939 φθόνου
507 3868 582 3923 UBT
600 3864 723 3939 φθόνωσ
741 3869 782 3933 Μ,
802 3883 872 3923 corr.
891 3867 992 3922 Reiske
1062 3870 1252 3942 σμικρολογία
1270 3867 1294 3920 Β
1367 3864 1390 3927 δι’
1410 3875 1482 3930 πᾶσι

217 3957 267 4011 UB
286 3945 377 4011 ἅπασι
397 3952 420 4005 Τ
505 3957 518 4004 ’ί
537 3948 696 4024 προσήκειν
713 3952 778 4006 mihi
796 3955 965 4023 suspectum
983 3953 1074 4008 malim
1091 3957 1283 4023 προσκεῖσθαι
1363 3959 1381 4009 9
1400 3952 1482 4014 κάκι-

221 4061 293 4097 στον
310 4039 340 4092 Μ
429 4043 458 4090 15
478 4056 509 4093 τε
526 4053 577 4106 pro
594 4058 628 4109 γε
645 4038 738 4102 UBM,
756 4058 790 4109 γε
809 4038 832 4092 Τ
921 4042 951 4092 16
974 4032 1195 4108 ἀποδεξαμένων
1216 4036 1311 4103 UBM,
1336 4031 1483 4109 ἀποδεξο-

217 4124 355 4194 μένωνΤ
443 4127 473 4175 17
495 4117 625 4194 ἀφέσθαι
642 4122 696 4177 ΒΜ
783 4127 812 4176 21
839 4119 957 4180 πάντων
974 4128 1041 4179 mut.
1064 4125 1100 4188 in¹
1115 4125 1229 4181 πάντασ
1246 4138 1283 4176 m.
1301 4138 1344 4191 pr.
1364 4124 1394 4180 U
1413 4123 1484 4185 πάν

219 4282 273 4317 τασ
292 4260 316 4314 Τ
420 4261 452 4312 23
470 4261 518 4314 καὶ
542 4253 575 4314 τὸ
595 4258 619 4312 Β
636 4261 684 4314 καὶ
702 4212 792 4316 τδκαὶ
813 4260 875 4326 (εἰεί
898 4275 1033 4330 superscr.
1051 4275 1068 4314 α
1085 4277 1120 4314 m.
1137 4263 1191 4329 pr.)
1208 4260 1234 4316 U
1256 4253 1291 4315 τὸ
1315 4261 1367 4317 καί
1387 4259 1414 4315 Τ

220 4340 248 4400 ι)
267 4345 374 4482 0anT
432 4336 661 4400 υιιῖακειασΜ
731 4349 763 4398 25
781 4364 814 4417 γε
831 4359 881 4414 pro
898 4341 1002 4418 γὰρΜ
1072 4348 1105 4398 ευ
1125 4339 1329 4416 amum
1405 4349 1439 4402 31
1460 4345 1488 4405 εἰ

219 4445 270 4498 pro
288 4424 349 4499 52³1]
