3068 5160
191 308 231 373 88
604 300 729 357 DIONIS
746 298 798 354 DE
815 295 1034 352 TYRANNIDE

189 480 321 562 μένους.
367 478 458 560 έλεγε
488 475 524 540 δὲ
551 475 607 539 διὰ
630 476 689 560 τὴν
711 470 878 553 μαλακίαν
901 473 979 546 τούς
1002 471 1211 553 ἀνθρώπους
1233 463 1450 548 ἀθλιώτερον

142 579 251 668 22ζῆν
273 588 340 643 τῶν
362 582 506 666 θηρίων.
551 581 660 641 ἐκεῖνα
682 577 744 658 γὰρ
766 572 866 636 ύδατι
887 576 948 653 μὲν
971 569 1067 654 ποτῷ
1088 573 1253 655 χρώμενα,
1277 575 1391 652 τροφῇ
1415 564 1450 628 δὲ

193 686 336 767 βοτάνη,
363 684 405 744 τά
429 678 540 742 πολλά
566 677 601 741 δὲ
626 679 734 739 αὐτῶν
757 677 863 759 γυμνά
887 678 966 738 όντα
991 665 1038 736 δι’
1065 674 1175 749 ἔτους,
1204 673 1254 746 εἰς
1278 671 1390 732 οἰκίαν
1415 665 1451 730 δὲ

195 783 359 847 οὐδέποτε
388 785 555 858 εἰσιόντα,
578 781 674 864 πυρὶ
703 777 738 841 δὲ
769 775 865 840 ούδὲν
888 779 1061 862 χρώμενα,
1098 771 1154 861 ζῆν
1182 775 1243 853 μὲν
1272 775 1405 834 ύπύσον
1434 775 1524 852 mm

196 891 299 976 φύσις
328 888 484 959 ἑκάστοις
512 880 609 960 ἔταξε
632 884 771 966 χρόνον,
799 880 858 942 έάν
883 876 1001 963 μηδείς
1024 880 1175 962 ἀναιρῇ·Ι
1193 875 1312 959 ἰσχυρά
1338 871 1375 936 δὲ
1398 875 1487 935 καί5

194 989 388 1072 ὑγιαίνοντα
412 984 540 1068 διάγειν
565 977 694 1064 ὁμοίως
716 984 862 1059 ἅπαντα,
887 979 1028 1044 δεῖσθαι
1051 978 1087 1042 δὲ
1104 976 1209 1063 μηδὲν
1224 979 1352 1060 ἰατρῶν
1367 971 1453 1059 μηδὲ

144 1094 184 1156 23
197 1092 392 1178 φαρμάκων.
429 1090 508 1162 τούς
532 1085 567 1149 δὲ
591 1087 800 1170 ἀνθρώπους
823 1085 929 1158 ούτως
951 1086 1012 1163 μέν
1030 1079 1119 1144 πάνυ
1137 1073 1328 1165 φιλοζῴους
1345 1079 1454 1153 ὄντας,

198 1199 346 1254 τοσαῦτα
370 1187 406 1252 δὲ
428 1193 688 1273 μηχανωμένους
711 1189 798 1270 πρύς
820 1182 987 1270 ἀναβολήν
1009 1193 1071 1246 τού
1091 1181 1260 1259 θανάτου,
1291 1182 1373 1254 τούς
1394 1181 1455 1259 μὲν

199 1291 348 1366 πολλούς
378 1292 487 1352 αὐτῶν
516 1287 601 1374 μηδὲ
631 1290 680 1363 εἰς
707 1297 811 1374 γῆρας
842 1287 1084 1372 ἀφικνεῖσθαι,
1114 1282 1170 1372 ζῆν
1194 1283 1229 1348 δὲ
1251 1275 1455 1367 νοσημάτων

199 1400 373 1478 γέμοντας,
395 1394 416 1452 ά
438 1389 523 1476 μηδὲ
547 1393 716 1471 ὀνομάσαι
737 1387 868 1474 ῥᾴδιον,
891 1390 950 1474 τὴν
974 1385 1010 1450 δὲ
1032 1395 1092 1472 γῆν
1111 1387 1227 1459 αὐτοῖς
1241 1387 1286 1471 μὴ
1304 1382 1457 1468 ἐξαρκεῖν
1477 1391 1502 1441 ίί

147 1499 189 1560 24
200 1501 414 1576 παρέχουσαν
445 1496 622 1579 φάρμακα,
659 1488 800 1552 δεῖσθαι
829 1488 864 1552 δὲ
892 1492 949 1552 καί
979 1487 1117 1575 σιδήρου
1145 1490 1203 1550 καί
1231 1491 1350 1572 πυρός.
1401 1488 1458 1547 καί

200 1601 283 1683 μήτε
299 1598 475 1680 Χείρωνος
496 1596 580 1679 μήτε
602 1585 812 1677 Ἀσκληπιοῦ
832 1593 915 1677 μήτε
937 1599 1004 1654 τῶν
1026 1583 1286 1675 Ἀσκληπιαδῶν
1302 1591 1457 1667 ἰωμένων

202 1697 306 1784 μηδὲν
330 1699 445 1771 αὐτοῖς
468 1692 592 1781 όφελος
615 1693 702 1757 εἶναι
726 1692 782 1756 διά
805 1697 865 1781 τὴν
881 1695 990 1755 αύτῶν
1006 1690 1191 1755 ἀκολασίαν
1205 1694 1262 1755 καί
1277 1693 1457 1777 πονηρίαν,

149 1801 190 1862 25
200 1799 285 1886 μηδὲ
318 1802 471 1880 μάντεων
499 1800 755 1877 μαντευομένων
783 1793 868 1880 μηδὲ
899 1798 1015 1880 ἱερέων
1042 1797 1289 1880 καθαιρόντων.
1342 1795 1393 1868 εἰς
1423 1790 1457 1854 δὲ

200 1904 262 1978 τάς
291 1898 410 1975 πόλεις
441 1896 683 1976 συνελθόντας,
713 1901 809 1973 ὅπως
835 1900 903 1960 ὑπὸ
933 1905 1000 1960 τῶν
1032 1896 1162 1976 ἔξωθεν
1190 1901 1234 1984 μη
1263 1893 1459 1970 ἀδικῶνται,
1481 1900 1506 1950 12

201 2004 397 2067 τούναντίον
432 2002 554 2075 αύτούς
582 1998 710 2064 ἀδικεῖν
735 2003 792 2064 καί
818 2002 859 2063 τά
890 1999 1066 2064 δεινότατα
1099 1999 1211 2060 πάντα
1240 1993 1459 2083 ἐργάζεσθαι,

204 2109 320 2190 ὥσπερ
347 2106 407 2167 ἰπί
429 2105 536 2184 τούτῳ
561 2099 840 2187 ξυνεληλυθότας.
887 2101 944 2165 διά
967 2110 1071 2164 ταύτα
1095 2099 1131 2164 δὲ
1155 2097 1265 2164 δοκεῖν
1289 2098 1381 2181 αύτῷ
1403 2101 1461 2162 καί

202 2208 260 2268 τὸν
288 2206 401 2285 μῦθον
430 2203 537 2286 λέγειν
567 2207 613 2279 ώς
638 2207 697 2266 τδν
719 2207 912 2290 Προμηθέα
934 2200 1072 2282 κολάζοι
1094 2205 1113 2265 ὁ
1135 2204 1221 2277 Ζεύς
1245 2199 1301 2264 διά
1324 2204 1386 2287 τὴν
1409 2203 1461 2264 εύ-

203 2323 296 2391 ρεσιν
318 2309 375 2370 καί
396 2304 580 2386 μετάδοσιν
602 2313 664 2368 σού
684 2309 802 2390 πυρός,
826 2309 872 2382 ώς
894 2308 997 2393 ἀρχὴν
1019 2313 1118 2368 τούτο
1140 2306 1197 2367 καί
1212 2305 1372 2390 ἀφορμὴν
1387 2309 1462 2377 τοῖς

204 2409 408 2492 ἀνθρώποις
429 2405 598 2487 μαλακίας
618 2409 674 2469 καί
696 2416 835 2493 τρυφῆς.
874 2409 912 2469 ού
935 2410 997 2493 γάρ
1022 2406 1059 2494 δη
1084 2410 1141 2470 τὸν
1156 2408 1226 2470 Δία
1249 2411 1364 2487 μισεῖν
1383 2407 1464 2479 τούς
1484 2411 1510 2461 2ο

53 2536 55 2540 ·
156 2511 197 2572 26
208 2510 416 2594 ἀνθρώπους
439 2506 515 2570 οὐδὲ
541 2510 686 2595 φθονεῖν
709 2511 825 2584 αύτοῖς
848 2511 984 2591 ἀγαθοῦ
1003 2531 1105 2586 τινος.
1192 2510 1269 2572 ἐπεί
1291 2506 1327 2570 δέ
1348 2505 1464 2589 ἔλεγόν

208 2632 297 2686 τινες
331 2612 369 2672 ού
403 2608 544 2674 δυνατὸν
574 2609 663 2673 εἶναι
692 2606 748 2697 ζῆν
778 2614 836 2674 τὸν
865 2612 1053 2696 ἄνθρωπον
1084 2613 1212 2692 ὁμοίως
1241 2615 1314 2685 τοῖς
1344 2607 1465 2682 ἀλλοις

209 2709 309 2795 ζῴοις
332 2710 389 2776 διδ
412 2715 471 2799 την
495 2709 694 2797 ἁπαλότητα
717 2720 784 2776 τῶν
808 2721 938 2798 σαρκῶν
960 2716 1016 2776 καί
1035 2711 1125 2776 διότι
1138 2710 1244 2795 ψιλός
1259 2715 1363 2788 έστιν,
1388 2711 1465 2772 ούτε

208 2813 306 2899 θριξί
336 2818 558 2894 σκεπόμενος,
589 2816 705 2899 ὥσπερ
734 2816 775 2876 τά
805 2813 916 2877 πολλά
946 2823 1013 2878 τῶν
1035 2817 1185 2901 θηρίων,
1213 2815 1289 2876 ούτε
1312 2818 1465 2896 πτεροῖς,

157 2917 198 2978 27
211 2914 287 2978 ούδὲ
317 2914 422 3000 δέρμα
454 2918 588 3000 ίσχυρύν
617 2917 867 2995 ἐπαμπέχεται,
896 2921 983 3003 πρὸς
1011 2926 1115 2980 ταῦτα
1139 2913 1327 2999 ἀντέλεγεν,
1359 2916 1469 2988 ούτως
1489 2921 1515 2971 25

207 3019 268 3096 μὲν
300 3015 434 3102 σφόδρα
457 3014 611 3091 άπαλούς
635 3016 723 3078 εἶναι
746 3015 802 3079 διά
824 3022 884 3104 την
908 3017 1059 3081 δίαιταν·
1092 3021 1226 3104 φεύγειν
1248 3021 1309 3098 μὲν
1331 3018 1395 3101 γάρ
1419 3018 1468 3091 ὡς

208 3120 246 3179 τό
276 3114 364 3178 πολύ
395 3121 453 3181 τὸν
482 3116 594 3203 ἥλιον,
626 3121 761 3204 φεύγειν
789 3116 825 3182 δὲ
855 3123 893 3182 τό
916 3129 1041 3203 ψύχος·
1070 3123 1129 3207 την
1153 3118 1189 3182 δὲ
1210 3117 1384 3204 ψιλότητα
1406 3125 1471 3179 τοῦ

212 3221 368 3300 σώματος
396 3218 500 3304 μηδὲν
529 3217 685 3299 ἐνοχλεῖν.
736 3219 927 3285 ἐπεδείκνυε
957 3220 993 3284 δὲ
1022 3226 1101 3297 τούς
1129 3243 1165 3284 τε
1193 3223 1384 3306 βατράχους
1411 3221 1471 3282 καί

210 3318 296 3382 ἀλλα
329 3322 387 3383 ούκ
416 3319 512 3404 ὀλίγα
542 3317 610 3404 ζῴα
640 3319 728 3384 πολύ
756 3325 817 3403 μὲν
846 3321 1051 3410 ἁπαλώτερα
1080 3325 1286 3409 ἀνθρώπου,
1317 3319 1407 3384 πολύ
1431 3318 1469 3382 δὲ

210 3420 387 3507 ψιλότερα,
410 3425 466 3485 καί
488 3425 561 3486 ένια
584 3427 711 3488 τούτων
734 3426 916 3506 ἀνεχόμενα
940 3427 978 3487 ού
1001 3429 1059 3489 τὸν
1075 3428 1158 3510 ἀέρα
1173 3429 1286 3506 μόνον,
1311 3422 1397 3487 ἀλλά
1412 3425 1471 3486 καί
1492 3431 1519 3481 30

160 3525 200 3588 28
212 3527 247 3588 έν
276 3522 324 3606 τῷ
351 3529 554 3610 ψυχροτάτῳ
583 3524 683 3589 ύδατι
705 3523 762 3613 ζῆν
786 3525 951 3609 δυνάμενα
974 3536 1036 3590 τού
1053 3535 1228 3607 χειμῶνος.
1273 3524 1470 3589 ἐπεδείκνυε

212 3625 247 3689 δὲ
278 3634 345 3689 τῶν
374 3628 571 3712 ἀνθρώπων
600 3629 709 3691 αὐτῶν
737 3631 816 3704 τούς
845 3651 881 3692 τε
910 3626 1115 3714 ὀφθαλμούς
1135 3632 1193 3693 καί
1214 3633 1252 3693 τὸ
1276 3631 1469 3714 πρόσωπον

300 3853 429 3931 ἰδίεγεν
446 3860 497 3916 UV
583 3851 745 3931 άθλιώτερο
764 3859 881 3926 (3ἰείμί
969 3861 1177 3919 4εἰσιώνταΡ
1264 3857 1401 3933 ούδαμῶσ
1418 3879 1470 3932 pro

214 3937 294 4001 οὐδὲν
312 3944 337 3998 Y
404 3965 450 4018 χρ.
468 3948 555 4001 τοῦτο
573 3944 627 4013 μὲν
643 3948 694 4016 ζῆν
713 3938 826 4001 ὁπόσον
843 3945 869 4000 U
943 3951 958 4000 5
976 3943 1109 4014 ἑκάστοις
1125 3943 1143 4020 ἢ
1161 3944 1248 4016 φύσισ
1265 3949 1301 4015 (h.
1320 3955 1357 4014 ο.)
1375 3950 1400 4003 Y

213 4026 355 4095 δταξενίί
436 4022 507 4086 αὐτὰ
526 4023 630 4102 ἀναιρῇ
646 4029 672 4083 Y
749 4034 835 4086 τούτο
854 4030 884 4087 δέ
902 4029 1002 4104 ἰσχυρὰ
1020 4032 1096 4089 UBV
1172 4036 1428 4105 8μηχανομένουσ
1444 4035 1470 4089 Y

213 4113 471 4185 μιχανωμίνουσΡ
524 4118 577 4171 τοῦ
594 4115 690 4169 0m.Y
749 4120 781 4168 14
798 4115 930 4184 μαντέων
947 4117 1222 4186 κολακευομένωνΡ
1279 4124 1307 4173 17
1326 4116 1471 4195 ἐντούτῳ

213 4196 302 4255 Υέπί
319 4202 407 4256 τούτο
425 4199 500 4256 UBV
568 4203 648 4256 δοκεῖ
663 4199 712 4256 UB
783 4205 814 4254 19
832 4196 911 4258 τοῦτ’
932 4197 968 4258 δν
984 4203 1066 4258 Dind.
1135 4207 1167 4259 21
1187 4198 1289 4260 αύτοῖσ
1306 4205 1403 4260 om.Y

139 4336 145 4350 ,
215 4285 248 4335 22
266 4285 368 4350 ζεῑνῐί
448 4288 480 4339 23
498 4286 547 4342 καί
566 4275 653 4342 άτιΥ
733 4289 767 4340 24
785 4282 968 4354 σκεπόμενοσ
984 4284 1120 4355 καθάπερ
1137 4287 1163 4340 Y
1243 4293 1276 4344 25
1295 4284 1363 4346 ούτε
1380 4289 1471 4364 δέρμα

214 4367 286 4434 libri,
304 4385 374 4427 corr.
391 4371 472 4438 Emp.
560 4361 636 4428 ούτω
654 4371 703 4427 UB
791 4373 823 4423 26
841 4364 950 4436 ἀπλοὺς
967 4371 1009 4425 Μ1
1096 4376 1127 4426 28
1145 4370 1322 4431 ἐπεδείκνυεν
1339 4374 1392 4431 UV

217 4457 249 4507 29
268 4447 475 4526 ἀπαλάτεραΡ
545 4460 577 4510 30
595 4451 742 4527 ψιλώτερα
760 4455 809 4511 UB
878 4458 910 4511 31
928 4453 1106 4514 ἐπεδείκνυεν
1122 4457 1174 4514 UV
