3068 5160
570 378 707 435 ORATIO
725 379 839 436 XXXH.
1267 381 1328 440 289

155 555 337 615 καὶταῦτα
359 557 421 633 μὲν
445 551 483 639 δὴ
507 555 549 615 τά
566 556 646 638 περὶ
667 556 705 615 τδ
728 555 886 638 θέατρον.
925 546 999 615 ἀλλ’
1025 557 1105 616 δταν
1121 556 1171 629 είς
1193 558 1231 616 τδ
1250 557 1327 616 στά-

72 653 145 717 διον
168 651 303 740 έλθητε,
326 657 379 730 τίς
401 657 441 717 ἀν
465 657 575 718 εἰπεῖν
599 653 735 718 δύναιτο
759 657 820 730 τὰς
843 657 915 717 ἐκεῖ
931 656 1077 740 κραυγὰς
1098 657 1155 719 καί
1175 657 1327 740 θόρυβον

69 760 126 819 καί
148 758 294 839 ἀγωνίαν
316 759 373 820 καί
397 759 575 841 σχημάτων
596 755 788 839 μεταβολάς
809 758 866 819 καί
884 759 1073 842 χρωμάτων
1094 760 1151 821 καί
1172 756 1326 845 βλασφη-

70 862 152 939 μίας
175 861 250 934 οἵας
271 861 328 922 καί
350 862 433 934 δσας
456 861 576 944 ἀφίετε
583 882 595 936 ;
617 862 648 922 εί
669 860 731 944 γάρ
754 862 798 945 μη
823 861 902 933 τούς
926 860 1057 933 ἵππους
1079 863 1206 944 ἑωρᾶτε
1229 858 1326 941 ἁμιλ-

33 974 47 1023 5
71 959 240 1041 λωμένους
254 963 311 1023 καί
326 964 466 1037 τούτους
483 962 654 1046 συνήθεις,
679 962 775 1023 αύτοί
798 951 831 1024 δ’
856 962 924 1022 ύπδ
940 961 1114 1043 μαστίγων
1137 958 1326 1046 ηλαύνεοθε

69 1071 136 1126 τῶν
160 1066 194 1125 ἐν
217 1067 293 1138 ταῖς
315 1061 529 1148 τραγῳδίαις,
554 1064 612 1125 ούκ
634 1065 675 1126 ἀν
699 1064 805 1137 ούτως
824 1061 984 1142 χαλεπῶς
1006 1059 1187 1125 διέκεισθε.
1226 1066 1377 1127 αύτδνῖδ

69 1167 131 1249 γάρ
161 1165 258 1246 οἶμαι
286 1168 344 1227 τδν
362 1157 483 1242 Ἰξίονα
513 1163 613 1251 λῆρον
642 1167 854 1250 ἀποφαίνετε
881 1167 940 1227 τδν
969 1167 1003 1226 έν
1029 1164 1077 1247 τῷ
1100 1164 1209 1249 τροχηῖ
1232 1168 1326 1251 παρὰ

69 1271 142 1340 τοῖς
158 1272 321 1351 ποιηταῖς
336 1265 550 1348 ἐνδεδεμένον
574 1262 641 1351 [καὶ
662 1263 885 1347 κολαζόμενον
909 1264 966 1329 διά
981 1270 1142 1352 τοιαύτην
1157 1268 1233 1329 τινά
1249 1270 1326 1330 ἀσέ-

69 1362 187 1450 βειαν]
227 1373 308 1454 φέρε
332 1369 400 1446 ούν,
424 1371 455 1431 εί
476 1366 601 1449 μεταξύ
624 1370 717 1432 θεῶν
740 1391 792 1444 τις
814 1372 892 1449 ύμῖν
914 1371 1059 1444 έπιστάς
1082 1368 1178 1432 εἴποι
1201 1367 1326 1433 διατει-

19 1481 47 1532 10
70 1475 224 1551 νάμενος,

226 1588 408 1669 δαιμόνιοι,
431 1590 600 1668 μαίνεσθε
621 1592 678 1653 καὶ
701 1591 811 1652 ούκέτι
832 1589 973 1652 κεύθετε
995 1588 1097 1672 θυμῴ

10 1724 58 1775 ςΜ)
223 1694 355 1776 βρωτύν
379 1689 456 1754 ούδὲ
481 1700 623 1777 ποτῆτα.

70 1813 104 1872 τί
120 1808 253 1896 σφόδρα
271 1813 358 1873 ούτω
373 1812 541 1886 κυκάσθε;
556 1812 642 1895 τίςη
662 1808 793 1894 σπουδή
802 1833 814 1885 ,·
836 1812 888 1883 τίς
904 1812 922 1870 δ
937 1812 1026 1890 ἀγών
1033 1832 1045 1884 ;
1069 1811 1106 1870 ού
1122 1810 1184 1892 γάρ
1200 1807 1325 1891 Πέλοψ

69 1915 201 1975 ἑστῖνδ
231 1911 376 1990 διώκων,
406 1905 480 1974 οὐδ’
509 1910 680 1990 Οίνόμαος
711 1909 786 1973 οὐδὲ
810 1908 1002 1994 Μυρτίλος,
1033 1913 1051 1971 δ
1079 1913 1139 1989 μὲν
1171 1908 1325 1993 δεύτερος

18 2027 46 2077 15
68 2017 138 2076 ἀπὸ
161 2018 248 2089 Διὸς
277 2017 438 2096 γεγονώς,
468 2016 487 2074 δ
516 2011 551 2074 δὲ
571 2005 691 2096 Ἑρμοῦ
711 2017 812 2089 παῖς,
843 2010 919 2073 οὐδὲ
943 2014 1023 2096 περὶ
1048 2008 1225 2092 βασιλείας
1248 2008 1324 2072 οὐδὲ

69 2119 224 2195 γυναικὸς
253 2108 330 2177 ούδὲ
359 2113 513 2176 θανάτου
543 2112 721 2197 πρόκειται
742 2115 868 2196 κρίσις,
897 2105 975 2174 ἀλλ’
1000 2116 1093 2175 ἔστιν
1116 2116 1134 2174 δ
1157 2114 1246 2194 ἀγὼν
1269 2115 1324 2175 ἀν-

71 2214 253 2299 δραπόδων
275 2218 361 2300 ύπδρ
384 2224 446 2277 τοῦ
466 2219 624 2297 τυχόντος
647 2216 821 2299 ἀργυρίου,
850 2223 907 2278 νῦν
933 2219 994 2295 μδν
1022 2221 1238 2301 ἡττωμένων,
1268 2223 1324 2278 νύν

71 2314 106 2378 δὲ
129 2320 312 2394 νικώντων,
339 2319 393 2380 ἀεὶ
418 2325 485 2380 τῶν
509 2308 633 2379 αὐτῶν·
665 2319 696 2379 εί
720 2314 811 2398 λέγοι
832 2325 947 2394 ταῦτα,
970 2319 1005 2378 τί
1026 2320 1152 2400 ἑρεῖτε,·
1179 2318 1198 2401 ἢ
1224 2314 1323 2402 δῆλον
1336 2318 1375 2379 76

69 2422 122 2481 δτι
147 2411 221 2480 οὐδ’
247 2421 437 2482 ἀκούσεσθε
461 2411 545 2504 παρ’
571 2421 697 2481 ἐκεῖνον
719 2421 777 2480 τδν
799 2422 933 2504 καιρόν,
958 2410 1035 2480 ούδέ
1059 2407 1100 2480 ἀν
1123 2408 1225 2494 αύτδς
1247 2421 1324 2499 ὑμῖν

18 2535 47 2585 20
71 2524 89 2582 ὁ
111 2530 173 2583 τοῦ
192 2519 355 2595 Πέλοπος
378 2518 574 2606 διαλέγηται
596 2525 764 2605 πρόγονος
771 2543 783 2596 ;
893 2523 969 2583 τίνα
994 2521 1050 2583 ούν
1074 2523 1151 2605 εύρη
1174 2542 1227 2596 τις
1249 2524 1324 2584 ε’πι-

68 2624 204 2706 κουρίαν
226 2624 245 2708 ἢ
270 2625 344 2685 τίνα
367 2619 598 2699 ἐξιλάσασθαι
622 2620 679 2686 δεῖ
696 2620 865 2702 δαιμόνων
873 2645 884 2698 ,·
907 2623 1000 2684 ἔστιν
1019 2613 1226 2701 Ὀλυμπίασι
1239 2625 1323 2685 κατά

67 2730 170 2803 μέσον
193 2728 251 2788 τόν
275 2722 493 2809 ἱππόδρομον
519 2723 746 2809 Ταραξίππου
762 2721 982 2799 Ποσειδῶνος
1003 2725 1128 2804 βωμός,
1152 2725 1238 2785 ἔνθα
1260 2723 1324 2804 μά-

69 2825 166 2888 λιστα
198 2830 372 2908 συνέβαινε
400 2831 479 2902 τούς
510 2829 640 2901 ἵππους
663 2828 853 2889 πτοεῖσθαι
874 2829 931 2889 καί
953 2823 1098 2888 πλεῖστα
1123 2822 1323 2911 διαφθείρε-

70 2930 156 2990 σθαι
178 2937 245 2990 τῶν
269 2932 437 3013 ἁρμάτων.
483 2926 597 3004 ἔδοξεν
621 2928 678 2989 ούν
700 2934 773 3003 τοῖς
791 2920 938 3004 Ἠλείοις
961 2931 1008 3003 ὡς
1031 2925 1208 3008 δαιμονίου
1232 2931 1323 3004 τινδς

17 3046 45 3094 25
68 3033 165 3102 όντος
196 3027 407 3113 ἱδρύσασθαι
435 3032 560 3110 βωμόν.
604 3032 661 3092 καὶ
687 3033 725 3091 τδ
757 3028 878 3093 λοιπόν
903 3047 1009 3116 φασιν
1032 3023 1095 3091 ἀπ’
1122 3032 1248 3092 ἐκείνου
1271 3051 1322 3112 γε·

67 3136 201 3210 γονέναι
222 3134 280 3192 τδν
303 3135 411 3193 τόπον
434 3129 581 3216 ἀσφαλῆ.
627 3129 716 3192 πολύ
739 3129 777 3217 δη
801 3130 926 3212 μᾶλλον
949 3135 1051 3214 ἔγωγε
1076 3134 1154 3212 ύμῖν
1179 3135 1373 3214 ουμβου-Ἱῖ

69 3231 153 3294 λεύω
181 3236 239 3294 τδν
268 3233 353 3295 θεόν
381 3241 501 3296 τοῦτον
530 3230 762 3310 ἐξιλάσασθαι
789 3236 846 3296 καί
874 3236 989 3315 βωμδν
1019 3232 1231 3317 ἱδρύσασθαι
1264 3238 1322 3297 τδν

69 3336 179 3411 αὐτόν,
202 3356 248 3413 μα
239 3327 326 3396 Δί
353 3336 412 3414 ουχ
426 3337 595 3420 υπρτων
612 3337 740 3412 ιππων
764 3328 841 3396 ἀλλ
859 3337 986 3419 ὑπὲρ*
968 3343 1060 3415 υμῶν
1084 3338 1203 3413 αὐτῶν,
1227 3341 1322 3411 ὅπως

68 3440 112 3521 μη
143 3438 360 3560 ταράττησθε
388 3435 473 3522 μηδὲ
502 3440 689 3522 ἐκπίπτητε
718 3446 777 3523 της
806 3434 942 3514 τάξεως.
994 3441 1038 3522 μη
1068 3439 1130 3521 γάρ
1161 3436 1321 3518 δαιμόνια

16 3554 45 3604 3ο
69 3529 172 3599 πάντ
197 3519 219 3622 ᾖ
241 3539 283 3599 τά
306 3547 447 3601 τοιαῦτα
470 3541 526 3602 καί
548 3560 589 3619 με
593 3535 702 3616 ίζονος
725 3537 903 3618 δεόμενα
884 3547 1095 3624 αποτροπης
1135 3541 1240 3624 φασὶν
1263 3540 1348 3623 ἀρ-·

64 3642 124 3719 χαί
125 3662 165 3702 αν
191 3638 353 3721 βασιλίδα
383 3643 418 3704 έν
446 3643 562 3726 Κρήτη
592 3648 659 3703 τῶν
683 3633 850 3704 Ἡλιαδῶν
878 3640 1070 3726 έρασθηναι
1097 3642 1237 3724 ταύρου,
1265 3643 1322 3704 καί

153 3946 165 3994 1
185 3940 238 4010 μὲν
255 3936 306 4012 ἤδη
323 3941 395 4006 libri,
413 3955 483 3996 corr.
502 3940 581 4011 Emp.
686 3944 701 3995 6
717 3940 823 3996 malim:
841 3944 900 3998 τῶν
917 3937 949 3997 ἐν
966 3948 1029 4005 ταῖς
1046 3940 1217 4015 τραγῳδίαις
1232 3933 1319 4012 (Ept-

68 4020 153 4093 νύαν)
223 4029 237 4080 8
255 4028 304 4081 καί
320 4021 520 4095 κολαζόμενον
531 4055 561 4065 -·
572 4019 709 4099 ἀσέβειαν
725 4025 837 4094 εευὶοεὶς
860 4040 924 4081 nam
941 4024 996 4080 Dio
1012 4023 1212 4080 Alexandrinos
1230 4024 1321 4080 Ixioni

67 4115 215 4180 comparat,
233 4110 297 4179 quia
313 4112 436 4166 rotarum
452 4115 529 4166 motu
546 4110 734 4180 abripiuntur,
752 4125 807 4165 non
825 4111 937 4179 propter
953 4110 1118 4179 impietatem
1206 4113 1235 4162 11
1255 4111 1320 4178 μαί-

67 4199 169 4250 venam
186 4194 216 4247 M
301 4191 422 4267 κτίσητε
439 4195 470 4250 M
556 4195 593 4250 cf.
612 4193 662 4250 od.
683 4200 723 4261 ιο,
740 4201 838 4264 ωεω.
882 4202 884 4206 “
935 4198 966 4249 12
983 4196 1141 4268 μρωιονο
1221 4198 1251 4248 13
1272 4184 1318 4251 οἵ·

65 4298 125 4336 τωο
139 4279 170 4334 Μ
280 4285 310 4334 17
332 4278 543 4351 ἡττομὲνωνΒ
648 4284 680 4336 18
703 4273 749 4337 ἀεὶ
771 4284 830 4336 τῶν
852 4272 947 4337 αὐτῶν
968 4295 1021 4335 om.
1045 4279 1075 4332 M
1180 4285 1211 4334 19
1234 4272 1320 4337 ἀκού·

65 4369 170 4420 σεσθαι
186 4364 217 4419 Μ
285 4360 337 4421 ἐὰν
353 4365 427 4420 UBT
497 4370 527 4420 21
546 4362 622 4424 κατὰ
639 4366 761 4435 μέωνΤ
830 4370 863 4422 22
880 4365 1066 4422 scribendumz
1084 4362 1210 4422 ἐνταῦθα
1227 4359 1319 4436 (γὰρ)

63 4444 189 4517 μάλιστα
207 4453 259 4504 etc.
277 4455 389 4520 propter
406 4441 458 4508 οὖν
474 4453 492 4506 l.
507 4454 540 4506 24
634 4455 668 4506 24
685 4447 779 4523 ἢλίοισ
797 4451 828 4506 Μ
913 4455 946 4507 29
964 4443 1031 4522 μηδ’
1050 4443 1203 4522 η’ττίπτηται
1221 4449 1250 4503 Μ

65 4537 98 4586 30
117 4528 220 4604 πάντηι
236 4532 307 4600 libri,
325 4550 395 4590 corr.
413 4535 512 4606 Pflugk
581 4539 652 4607 φασί
669 4540 719 4594 καί
735 4537 810 4594 UBT

115 4624 173 4669 DIO.
187 4624 206 4667 Ι.
1083 4627 1113 4678 19
