3068 5160
176 323 238 382 296
550 318 674 375 DIONIS
692 316 743 373 An
761 314 1050 373 ALEXANDRINOS

176 492 420 581 παραπλήσιον
448 497 527 577 γάρ,
558 496 673 577 ὥσπερ
702 491 814 566 εἴτις
842 498 909 554 τῶν
938 493 1098 576 ἐμπόρων
1122 485 1242 551 πολλὰ
1272 488 1338 551 καί
1359 488 1452 568 τίμια

177 602 261 679 έχων
283 593 547 659 καταπλεύσειεν
570 596 620 670 είς
643 590 755 671 πόλιν,
779 585 899 656 ἔπειθ’
924 585 986 655 ὑπ’
1013 594 1146 673 ἀνέμων
1169 597 1284 654 τινῶν
1309 590 1332 676 ἢ
1356 590 1453 675 τύχης

177 699 280 785 ἀλλης
301 701 527 784 κρατούμενος
548 699 604 759 καί
627 693 810 781 διατρίβων
833 697 906 757 έκεῖ
912 698 1033 780 χρόνον
1050 695 1169 774 συχνὸν
1184 695 1281 779 μήτε
1299 692 1452 778 προθείη

177 809 244 864 τῶν
274 802 382 864 ὠνίων
410 797 515 885 μηδὲν
542 800 625 884 μήτε
655 795 775 874 δείξειε
796 794 985 882 μηδέποτε·
1016 793 1116 882 δῆλον
1137 797 1204 881 γὰρ
1229 797 1286 870 ὡς
1309 790 1454 879 ἐσχάτην

177 905 252 967 τινὰ
284 905 392 965 αύτῶν
422 903 543 965 πενίαν
572 901 787 982 κατεγνωκὼς
814 901 834 984 ἢ
865 901 1026 985 ἀπειρίαν
1056 899 1114 960 ούκ
1140 899 1184 960 ἀν
1206 893 1326 960 θέλοι
1348 889 1480 982 μάτηνί

177 1004 411 1087 ἐνοχλεῖσθαι,
444 1011 564 1090 σαφῶς
590 1000 690 1077 εἰδὼς
712 1005 766 1064 ὅτι
789 994 860 1063 οὔτ’
893 1003 934 1064 ἀν
957 1003 1126 1086 ἀνησαιτο
1148 1006 1221 1063 τῶν
1245 999 1456 1085 ἀνθρώπων

126 1108 167 1171 98
177 1111 306 1171 τούτων
337 1109 454 1182 ούθείς
488 1098 560 1169 οὔτ’
597 1107 637 1167 ἀν
668 1103 752 1178 ἴσως
785 1100 988 1187 προσέλθοι.
1037 1103 1095 1165 καί
1125 1099 1315 1187 Θεόφιλος
1345 1103 1457 1165 τοίνυν

181 1207 292 1272 πολλὰ
322 1211 406 1288 έχων
431 1211 487 1271 καὶ
514 1205 643 1290 μεγάλα
672 1203 768 1268 ένδον
797 1207 882 1266 ὤνια
912 1195 997 1289 παρ’
1023 1201 1113 1286 αὐτῷ
1136 1211 1261 1288 ταυτα,
1290 1200 1457 1279 συνειδὼς

178 1314 256 1391 ύμῖν
279 1314 338 1396 την
360 1308 502 1394 ἐσχάτην
526 1310 685 1394 ἀπορίαν,
709 1308 747 1369 ού
766 1301 963 1391 χρημάτων,
993 1304 1079 1368 ἀλλά
1101 1314 1163 1368 νοῦ
1182 1308 1245 1369 καί
1272 1309 1456 1380 συνέσεως.

179 1419 357 1496 τοιγαροῦν
385 1413 528 1496 τέθνηκε
560 1411 829 1494 κατασιωπήσας
860 1410 952 1488 ὑμῶν
980 1410 1040 1493 τήν
1070 1405 1189 1487 πόλιν,
1222 1399 1346 1492 [τοῦτ’
1384 1409 1456 1471 ἔστι
1471 1416 1499 1469 w

179 1503 407 1588 καταδικάσας
436 1507 559 1599 αύτην,]
588 1515 644 1576 καί
672 1514 768 1592 ὑμεῖς
790 1518 852 1572 τοῦ
873 1507 982 1586 δεῖνος
1003 1513 1064 1591 μὲν
1087 1507 1261 1586 πολλάκις
1287 1513 1462 1599 ἀκηκόατε

180 1616 236 1678 καί
258 1611 492 1699 διαμέμνησθε
514 1621 581 1677 τῶν
606 1610 816 1693 σκωμμάτων
840 1613 944 1674 αὐτοῦ
963 1613 1019 1676 καί
1040 1620 1107 1675 τῶν
1126 1618 1190 1674 τοῦ
1205 1610 1332 1690 δεῖνος
1349 1607 1457 1699 ᾇσμά·

180 1736 257 1794 των,
276 1714 448 1802 Θεοφίλου
472 1713 508 1778 δὲ
533 1718 591 1778 ούκ
614 1714 691 1778 οίδα
714 1714 853 1778 εἴποτε
872 1718 1053 1800 ἠκούσατε·
1077 1716 1195 1799 ὥσπερ
1212 1716 1287 1803 ἔφη
1306 1739 1368 1795 τις
1382 1722 1457 1795 τούς

181 1821 216 1882 ἐν
245 1827 286 1904 τῇ
311 1811 446 1904 Ἀττικῇ
473 1814 683 1904 κανθάρους,
713 1826 776 1881 τοῦ
800 1813 1049 1903 καθαρωτάτου
1078 1815 1218 1899 μέλιτος
1242 1821 1372 1900 ὄντος,
1400 1829 1458 1883 τοῦ

180 1923 241 2002 μὲν
263 1919 435 2006 μηδέποτε
457 1922 660 2004 γεύσασθαι,
683 1912 764 2005 μηδ’
790 1921 830 1982 ἀν
853 1923 1016 2006 ἐκχέηται,
1039 1929 1099 2006 τῆς
1115 1917 1150 1982 δὲ
1167 1924 1296 2007 έτέρας
1313 1930 1488 2011 τροφης.ύ

132 2024 172 2088 99
269 2015 345 2085 ἀλλ’
370 2026 446 2086 έστδ
472 2022 584 2109 ίλαρολ
605 2025 661 2085 καὶ
685 2031 823 2105 σκῶψαι
852 2017 989 2084 πάντων
1020 2019 1220 2085 δεινότατοι.
1278 2028 1324 2089 οά
1350 2025 1453 2115 δήμου

180 2127 219 2187 τύ
238 2122 463 2209 ἐπιτήδευμα·
488 2127 600 2189 πόθεν
607 2148 619 2201 ,·
643 2123 719 2187 ούδὲ
743 2122 886 2202 πόλεως,
910 2122 995 2186 ἀλλά
1020 2125 1186 2210 Θερσίτου
1208 2132 1332 2204 τινός·
1357 2131 1453 2192 αάτδν

181 2233 259 2307 γοῦν
289 2228 415 2288 ἐκεῖνον
443 2226 571 2312 εἴρηκεν
594 2219 742 2311 Ὅμηρος
771 2229 805 2288 έν
834 2231 908 2301 τοῖς
936 2234 1043 2288 πᾶσιν
1064 2220 1222 2313 Ἕλλησιν
1252 2231 1453 2316 ἀφικέσθαι

182 2323 429 2408 γελωτοποιόν·

268 2420 344 2490 ἀλλ’
369 2432 422 2491 ότι
446 2430 479 2490 οἱ
501 2426 632 2490 εἴσαιτο
656 2424 802 2509 γελοίιον
822 2421 1026 2513 Ἀργείοισιν
1468 2441 1487 2491 a

269 2532 419 2611 ἔμμεναι.

184 2624 261 2694 ἀλλ’
293 2634 331 2694 ού
359 2635 397 2694 τδ
426 2629 558 2714 γελοῖον
588 2632 720 2713 ἀγαθόν
750 2633 843 2694 ἐστιν
873 2630 949 2694 οὐδὲ
973 2635 1102 2714 τίμιον,
1126 2632 1211 2696 ἀλλά
1235 2639 1276 2700 τὸ
1299 2641 1450 2725 χαίρειν

184 2736 314 2820 ἀπορίᾳ
338 2732 373 2796 δὲ
396 2736 453 2796 καί
474 2736 593 2818 ἀγνοίᾳ
613 2740 718 2818 χαραῖς
739 2735 924 2819 ἀνθρωποι
940 2731 1101 2799 διώκουσι
1115 2734 1257 2819 γέλωτα.
1293 2743 1449 2829 τηνγοῖν

183 2839 329 2922 βοτάνην
352 2838 515 2921 ἀκηκόατε
536 2839 596 2921 τὴν
620 2833 799 2920 σαρδόνιον
821 2835 1037 2923 καλουμένην,
1061 2840 1079 2923 ἢ
1103 2837 1232 2922 γέλωτα
1256 2845 1324 2922 μὲν
1344 2848 1449 2922 ποιεῖ,

109 2943 169 3006 100
182 2938 333 3020 χαλεπδν
358 2937 393 3001 δὲ
416 2946 535 3000 τοῦτον
557 2940 614 3000 καὶ
635 2929 694 2999 ἐπ’
721 2935 865 3024 ὀλέθρῳ.
903 2943 947 3026 μη
973 2940 1030 3002 ούν
1055 2938 1188 3026 σφόδρα
1206 2945 1321 3021 οὕτως
1337 2950 1491 3031 περιέῦ

182 3043 290 3120 χεσθε
319 3043 457 3118 τούτου,
486 3037 571 3125 μηδὲ
595 3041 766 3120 ἀμούσους
787 3043 844 3104 καὶ
873 3044 1036 3126 φορτικάς
1058 3045 1114 3106 καὶ
1136 3045 1290 3124 ἀμαθεῖς
1315 3054 1451 3113 ποιεῖτε

185 3143 247 3216 τάς
262 3145 427 3226 Χάριτας,
451 3138 536 3204 ἀλλά
558 3139 686 3222 μᾶλλον
701 3141 889 3228 Εὐριπίδην
911 3146 1077 3224 μιμεῖσθε
1102 3147 1188 3208 ούτω
1212 3143 1377 3229 λέγοντα·

270 3245 314 3328 μη
339 3245 536 3328 παυσαίμην
558 3245 619 3319 τάς
633 3247 791 3328 Χάριτας
889 3235 895 3244 ’

272 3346 433 3422 Μούσαις
456 3349 647 3428 ἀναμιγνύς,
672 3343 814 3408 ἁδίσταν
839 3342 1010 3429 συζυγίαν·

188 3488 835 3499 *--———————-—-————-—-——

273 3582 288 3631 2
306 3573 435 3650 ἐχόντων
451 3579 482 3632 Μ
552 3583 566 3630 5
585 3570 715 3647 ἀπορίαν
732 3576 773 3631 Tv
826 3582 840 3630 ’ί
860 3577 1002 3650 προέλθοι
1020 3579 1091 3643 libri,
1111 3596 1180 3636 corr.
1199 3581 1399 3641 Hemsterhuis

185 3666 283 3721 τοίνυν
301 3680 352 3720 om.
370 3664 401 3718 Μ
417 3679 451 3719 m.
469 3679 511 3732 pr.
582 3657 702 3718 Βάνεια
720 3661 801 3716 UBM
887 3662 987 3717 excidit
1003 3665 1114 3720 verbum
1131 3666 1255 3735 aliquod3
1282 3682 1336 3736 pro
1356 3672 1449 3728 ταῦτα

186 3748 370 3804 scribendum:
403 3745 498 3805 πάντα
521 3741 685 3816 ἀπέκρυπτε
788 3741 1009 3820 9άπειρίανΒ
1113 3748 1283 3809 συστάσεωσ
1304 3752 1361 3811 ΠΤ

190 3841 221 3892 10
240 3826 324 3891 ταῦτ’
343 3828 544 3905 ἔστι-αὐτήν
561 3833 613 3887 del.
632 3831 733 3885 Reiske
803 3835 835 3885 12
853 3829 1057 3902 σκωμάτωνΤ
1137 3840 1169 3890 14
1185 3837 1277 3892 malim
1294 3835 1449 3915 παρόντος

190 3923 223 3974 15
238 3919 329 3974 malim
345 3915 482 3992 γεύεσθαι
566 3914 682 3988 έκχίητε
699 3915 730 3969 Μ
806 3920 838 3970 16
859 3910 876 3973 δ
895 3911 929 3974 οὐ
946 3917 1021 3974 ΠΒΤ
1112 3924 1143 3974 18
1162 3911 1254 3978 οάνΒ
1325 3924 1449 3981 scribon·

188 4004 252 4060 dum
270 4000 363 4077 μόνον
380 4007 451 4075 γοῦν
505 4007 536 4059 19
554 3997 865 4076 γελοτοποιόνΜρουί
877 4003 929 4058 hoc
947 4005 1057 4059 verbum
1075 4005 1158 4061 adde:
1176 3999 1312 4077 <οάκατδτ
1331 4005 1449 4080 κόσμον

188 4086 324 4162 λέγοντα)
341 4088 377 4144 cf.
395 4087 426 4141 Il.
445 4086 538 4142 11215
602 4091 634 4141 20
653 4082 723 4144 ἀλλο
742 4107 769 4143 τι
789 4087 903 4144 οἴεσθαι
920 4083 956 4146 τὸ
975 4089 1005 4144 Μ
1057 4086 1116 4148 εἷσε
1133 4086 1168 4148 τὸ
1188 4091 1212 4145 Τ
1229 4087 1325 4150 sibero
1345 4094 1397 4151 ΠΒ

189 4180 221 4229 22
240 4168 306 4232 ἀλλ’
325 4189 377 4230 om.
397 4171 427 4224 M
444 4187 480 4227 m.
498 4188 538 4240 pr.
627 4176 659 4227 23
676 4175 725 4230 καί
741 4176 821 4249 χαρᾷ
836 4173 908 4238 libri,
928 4190 998 4230 corr.
1016 4175 1113 4244 Pflugk
1217 4181 1359 4235 διοικοῦσι
1376 4178 1449 4245 libri,

188 4327 257 4367 corr.
277 4310 379 4365 Reiske
488 4312 520 4362 24
539 4304 696 4383 σαρδάνιον
713 4309 738 4364 U
756 4276 913 4382 σαρδάνίδίν
930 4309 961 4365 Μ
1048 4314 1080 4366 25
1100 4302 1217 4370 οἱίτωΒ
1305 4317 1338 4368 27
1357 4312 1451 4387 εὔρει·

187 4397 270 4466 πέδην
287 4394 318 4448 Μ
385 4400 535 4464 μιμεῖσθαι
551 4393 581 4447 Μ
652 4385 789 4452 ούτωσΠ
859 4399 891 4450 28
910 4396 977 4452 Eur·
995 4395 1075 4452 Hero.
1095 4400 1154 4453 675.
1174 4390 1208 4455 ού
1225 4395 1377 4469 παύσομαι
1395 4395 1451 4469 τὰς

188 4475 319 4552 Χάριτας
337 4475 471 4544 Μούσαις
489 4475 715 4551 συγκαταμιγνάς
732 4483 783 4534 etc.
