3068 5160
210 343 270 402 318
600 341 724 398 DIONIS
743 339 900 396 TARSIOA
916 339 1068 395 ALTERA

211 523 390 597 σταμένοις
412 525 471 603 τῆς
495 514 628 591 πόλεως
651 519 700 591 εἰς
724 519 858 578 ἅπαντα
880 516 937 577 καί
959 517 1016 576 τόν
1041 514 1144 588 αὖθις
1176 513 1273 594 οἶμαι
1297 514 1468 575 συνοίσειν

206 622 336 703 χρόνον.
1444 599 1460 631 χ’

295 724 373 801 ὑμῖν
395 723 473 805 γάρ,
497 718 616 804 άνδρες
641 724 802 805 Ταρσεῖς,
831 720 1016 802 συμβέβηκε
1037 719 1098 797 μὲν
1121 719 1273 801 πρώτοις
1295 713 1386 778 εἶναι
1410 724 1470 778 τοῦ

211 826 343 900 ἔθνους,
369 824 406 884 ού
429 827 532 903 μόνον
555 822 602 905 τῴ
625 825 784 907 μεγίστην
807 824 969 906 ὑπάρχειν
992 822 1051 905 την
1075 817 1176 880 πόλιν
1198 826 1265 880 τῶν
1288 821 1324 880 ἐν
1347 827 1390 902 τῇ
1406 821 1467 880 Κι-

212 924 301 1008 λικίηι
317 927 373 987 καί
387 923 599 1011 μητρόπολιν
613 922 651 1001 ἐξ
673 927 784 1009 ἀρχῆς,
808 916 883 984 άλλ)
910 926 963 985 ότι
984 924 1040 984 καί
1061 924 1119 984 τόν
1136 919 1290 1005 δεύτερον
1305 922 1468 1005 Καίσαρα
1488 928 1501 978 5

211 1030 296 1112 ύπέρ
320 1031 452 1102 πάντας
475 1029 588 1107 ἔσχετε
612 1029 744 1101 οἰκείως
765 1029 843 1105 ὑμῖν
867 1022 1086 1105 διακείμενον.
1123 1026 1162 1085 τό
1180 1024 1242 1107 γάρ
1267 1015 1313 1084 δι’
1340 1025 1468 1085 ἐκεῖνον

211 1132 363 1213 άτύχημα
391 1139 432 1214 τῇ
462 1126 563 1190 πόλει
593 1129 722 1209 συμβάν
751 1130 889 1201 εἰκότως
916 1128 1016 1188 αύτδν
1039 1126 1153 1188 εὔνουν
1175 1129 1253 1205 ύμῖν
1275 1127 1392 1186 ἐποίει
1413 1128 1469 1188 καί

213 1228 432 1308 σπουδάζειν,
462 1235 557 1306 ὅπως
585 1226 736 1310 μείζονες
758 1232 836 1309 ύμῖν
864 1231 1075 1314 φανήσονται
1096 1235 1163 1289 τῶν
1188 1219 1234 1290 δι’
1261 1228 1363 1290 αύτόν
1389 1244 1468 1307 συμ-

176 1336 328 1420 8φορῶν
352 1336 388 1395 αἱ
411 1325 496 1417 παρ’
523 1334 627 1394 αύτοῦ
643 1335 788 1415 χάριτες.
833 1339 1011 1412 τοιγαροῦν
1036 1332 1132 1404 ἅτις
1154 1330 1194 1392 ἂν
1222 1327 1339 1414 φίλοις
1362 1332 1469 1405 όντως

210 1437 266 1497 καί
290 1437 477 1514 συμμάχοις
499 1436 555 1496 καί
576 1431 776 1518 τηλικαύτην
799 1434 998 1517 προθυμίαν
1021 1429 1294 1511 ἐπιδειξαμένοις
1315 1433 1470 1507 κάκεῖνος
1488 1437 1512 1488 10

210 1541 287 1617 ὑμῖν
311 1542 475 1621 παρέσχε,
496 1538 619 1619 χώραν,
642 1539 780 1615 νόμους,
804 1537 919 1619 τιμήν,
942 1531 1098 1610 ἐξουσίαν
1121 1541 1183 1595 τού
1204 1542 1378 1614 ποταμοῦ,
1408 1544 1467 1620 της

211 1636 386 1722 θαλάττης
408 1646 468 1723 τῆς
489 1628 574 1698 καθ’
600 1639 737 1712 αύτούς·
761 1638 844 1699 όθεν
866 1639 948 1715 ταχύ
970 1631 1093 1715 μείζων
1109 1637 1239 1717 ἐγένετο
1255 1641 1274 1721 η
1292 1633 1397 1711 πόλις
1412 1639 1468 1699 καὶ

213 1739 268 1802 διδ
292 1743 329 1802 τό
352 1743 396 1825 μη
422 1737 529 1802 πολύν
552 1761 626 1802 τινα
647 1743 767 1824 χρόνον
791 1737 942 1801 διελθεῖν
965 1741 1023 1800 τόν
1046 1740 1115 1799 ύπδ
1139 1746 1199 1822 τῆς
1216 1734 1387 1814 ἁλώσεως,
1409 1760 1466 1800 κυ-

211 1844 328 1925 θάπερ
357 1844 391 1903 ol
419 1839 544 1926 μεγάλῃ
573 1844 634 1921 μέν
663 1845 751 1922 νόσφ
779 1844 1001 1925 χρησάμενοι,
1030 1842 1111 1919 ταχύ
1139 1831 1171 1901 δ’
1198 1836 1466 1924 ἀνασφήλαντες,

211 1941 352 2006 ἐπειδάν
374 1947 519 2023 τύχωσιν
544 1945 657 2028 ἱκανῆς
679 1953 738 2029 τῆς
753 1944 837 2023 μετά
853 1951 958 2004 ταῦτα
974 1939 1181 2023 ἐπιμελείας,
1204 1939 1371 2016 πολλάκις
1385 1940 1466 2022 μάλ·
1487 1945 1510 1997 15

174 2044 268 2111 θλον
298 2047 487 2130 εύέκτησαν.
530 2048 587 2108 καί
614 2049 679 2130 μην
708 2049 749 2106 τά
777 2066 812 2127 γε
841 2042 963 2130 ἐφεξῆς
993 2046 1051 2124 ούχ
1080 2047 1126 2120 ὡς
1149 2043 1259 2107 οἴεταί
1280 2066 1333 2120 τις
1358 2047 1465 2129 ὤνησε
1479 2050 1530 2107 (4161

211 2152 270 2234 την
294 2146 395 2210 πόλιν
418 2151 456 2209 τό
480 2149 643 2229 γενέσθαι
669 2149 764 2222 τινάς
791 2155 857 2208 τῶν
886 2150 1056 2232 ηγεμόνων
1085 2148 1220 2228 βιαίους
1247 2149 1305 2208 καί
1330 2149 1467 2222 τούτοις

211 2248 410 2327 ἐπεξελθεῖν
426 2253 520 2329 ύμάς,
558 2252 645 2334 πρός
660 2255 720 2328 μέν
743 2269 779 2330 γε
801 2252 839 2310 τό
858 2252 1006 2336 φανῆναί
1019 2271 1114 2324 τινας
1138 2253 1237 2324 όντας
1259 2251 1316 2311 καί
1337 2251 1382 2334 μή
1407 2252 1466 2327 μό·

211 2373 268 2414 νον
291 2357 435 2428 ἑαυτοῖς,
459 2348 543 2412 άλλά
565 2355 622 2414 καί
644 2357 717 2425 τοῖς
733 2349 849 2425 άλλοις
865 2353 1050 2437 βοηθῆσαι,
1072 2354 1129 2414 καί
1143 2354 1180 2437 νὴ
1198 2353 1267 2414 Δία
1284 2353 1373 2413 ὥστε
1388 2353 1467 2425 τούς

213 2454 316 2527 αὖθις
338 2455 556 2538 όκνηρότερον
579 2450 830 2537 ἐξαμαρτάνειν,
856 2456 1028 2538 συνήνεγκε
1050 2456 1088 2515 τό
1113 2451 1206 2538 δίκην
1225 2454 1372 2527 ἐκείνους
1384 2455 1468 2514 ύπο-
1488 2461 1512 2514 ll

213 2561 318 2634 σχεῖν·
345 2553 456 2630 άλλως
473 2552 508 2616 δέ
531 2557 590 2640 την
606 2552 708 2617 πόλιν
724 2556 920 2640 ἐπίφθονον
943 2557 1086 2640 ἐποίησε
1108 2557 1164 2618 καί
1187 2553 1467 2640 δυσχερεστέρους

211 2656 298 2738 ύμάς
327 2655 436 2719 δοκεῖν
467 2660 569 2742 φύσει
596 2659 653 2720 καί
679 2655 807 2741 ῥηιδίως
836 2656 1029 2718 αἰτιᾶσθαι.
1074 2660 1112 2719 τό
1141 2659 1203 2741 γάρ
1227 2655 1393 2732 πολλάκις
1415 2661 1466 2739 έγ·

211 2757 323 2821 καλεῖν
346 2757 408 2844 ἤδη
433 2762 517 2820 ποτὲ
541 2756 636 2834 ἔδοξε
659 2769 720 2821 τού
743 2764 963 2844 συκοφαντεῖν
985 2765 1133 2844 σημεῖον,
1156 2756 1268 2834 άλλως
1282 2780 1318 2822 τε
1333 2761 1468 2822 όπόταν

213 2864 291 2946 περί
318 2865 489 2946 ηγεμόνων
518 2863 537 2921 ό
566 2858 664 2942 λόγος
691 2843 713 2945 ᾗ
744 2866 830 2946 πρός
857 2865 1031 2947 ἡγεμόνας.
1078 2863 1115 2923 ού
1144 2863 1205 2946 γάρ
1232 2860 1280 2943 τῴ
1304 2858 1409 2925 πλέον
1433 2884 1468 2924 τι

212 2965 365 3040 πάσχειν,
389 2960 473 3023 ἀλλά
496 2961 543 3043 τῴ
566 2965 609 3047 μη
635 2961 769 3025 ἐθέλειν
792 2966 961 3049 ἄρχεσθαι
983 2967 1042 3050 την
1065 2966 1256 3044 ἀπέχθειαν
1278 2966 1468 3027 ὑπονοοῦσι
1489 2973 1513 3024 25

162 3065 399 3144 ῙΟγίγνεσθαι.
549 3061 789 3127 πάλιντοίνυν
812 3070 924 3151 ἕτερον
947 3065 1086 3151 πρᾶγμα
1111 3067 1240 3148 συμβάν
1262 3058 1349 3151 ὑπὲρ
1373 3059 1467 3148 ὑμῶν

210 3168 338 3250 τρόπον
366 3167 441 3228 τινά
472 3170 589 3246 όμοιον
619 3170 726 3249 τούτφ
756 3173 896 3250 γέγονεν.
943 3172 976 3230 οἱ
1003 3170 1065 3254 γάρ
1089 3168 1235 3251 Αἰγαῖοι
1265 3167 1467 3255 φιλοτιμίαν
1525 3246 1526 3250 ¹

211 3267 353 3349 όνόητον
368 3266 611 3348 ἐπανελόμενοι
626 3273 715 3355 πρός
736 3263 833 3350 ὑμᾶς,
856 3273 894 3331 τό
912 3273 991 3349 περὶ
1013 3272 1073 3346 τάς
1093 3272 1298 3356 ἀπογραφάς
1320 3269 1466 3358 ἐξαμαρ-

210 3371 376 3446 τάνοντες,
393 3372 489 3433 αύτοί
503 3374 563 3451 μὲν
578 3374 757 3448 ἔπταισαν,
782 3373 833 3433 ἔτι
849 3370 884 3433 δὲ
899 3371 1026 3452 μᾶλλον
1042 3376 1100 3435 τόν
1115 3365 1200 3435 καθ’
1217 3365 1312 3454 ὑμῶν
1330 3377 1466 3459 φθόνον

209 3472 266 3532 καὶ
287 3474 446 3557 τοιαύτην
469 3475 544 3534 τινά
566 3479 672 3560 ησυχῇ
696 3471 857 3559 διαβολὴν
880 3476 1079 3558 εἰργάσαντο
1103 3478 1189 3560 πρὸς
1211 3478 1271 3561 τὴν
1294 3473 1397 3538 πόλιν
1421 3480 1468 3552 ὡς
1487 3482 1513 3534 ³⁰

163 3579 197 3637 ll
212 3572 348 3658 ἐπαχθῆ
371 3576 427 3636 καί
449 3577 588 3662 βαρεῖαν
610 3583 686 3651 ταῖς
702 3573 830 3650 άλλαις.
871 3579 927 3638 καὶ
949 3585 1052 3638 ταῦτα
1074 3581 1135 3658 μέν
1158 3581 1193 3640 ἐκ
1215 3586 1277 3640 τού
1297 3581 1465 3664 πρότερον

297 3891 428 3963 Ῑοίυμαι
446 3894 509 3950 libri
577 3890 748 3967 3πριότουσ
764 3895 813 3950 UB
879 3890 993 3965 δέχετε
1009 3894 1039 3948 Μ
1092 3897 1304 3965 8μείζονοσΤ
1373 3895 1465 3970 φανή-

208 3999 315 4036 σωνται
333 3980 407 4035 UBT
461 3985 492 4032 12
510 3979 713 4051 θαλλάττηςΤ
764 3975 833 4035 καθ’
855 3975 944 4050 αὑτὴν
960 3979 1031 4045 libri,
1049 3995 1118 4036 corr.
1137 3981 1238 4036 Reiske
1289 3977 1422 4054 ταχὺνΜ

116 4139 119 4143 sp
207 4068 307 4134 μεῖζον
324 4065 399 4119 UBT
470 4069 501 4118 14
519 4060 735 4136 άνασφήλαντες
752 4061 922 4137 ἐπιτύχωσιν
939 4065 1009 4132 libri,
1028 4081 1098 4120 corr.
1116 4066 1217 4122 Reiske
1293 4072 1323 4121 15
1341 4067 1396 4138 μὲν
1413 4084 1464 4137 pro

208 4155 318 4218 μᾶλλον
335 4150 382 4202 ΒΤ
454 4154 485 4204 16
504 4143 556 4220 ούχ
574 4149 613 4215 ὠς
630 4151 783 4220 Ειορεείσσ,
801 4145 840 4217 ὡς
859 4145 911 4208 ούκ
928 4151 991 4206 libri
1044 4155 1073 4204 Π
1092 4145 1299 4222 ἧγουμένωνΤ
1362 4155 1394 4207 18
1412 4168 1464 4222 pro

208 4255 240 4306 γε
258 4237 348 4290 σικύαι
365 4231 422 4307 γὰρ
496 4231 583 4301 όντας
599 4230 707 4306 <ύμᾶς>
725 4237 824 4291 Reiske
896 4242 926 4292 19
946 4235 1046 4307 ἑαυτῆς
1063 4236 1092 4288 Μ
1162 4238 1346 4293 scribendum:
1365 4233 1465 4304 ἄλλοις

206 4318 358 4386 (ἱκανοὺς)
374 4325 518 4392 βοηθῆσαι
570 4326 602 4375 20
622 4317 872 4395 όκνηροτέρουςΤ
930 4326 962 4376 23
980 4317 999 4392 ἢ
1015 4317 1120 4392 δήποτε
1138 4322 1186 4376 ΒΤ
1237 4327 1270 4377 26
1286 4319 1368 4396 ἡμῶν
1385 4325 1412 4380 U

209 4409 239 4458 27
264 4406 366 4478 γέγονε
389 4406 412 4459 Τ
436 4401 557 4478 γεγονὸς
574 4406 604 4459 Μ
626 4412 707 4472 (corr.
730 4407 811 4474 vulg.)
915 4412 948 4462 29
967 4402 1104 4464 ἔπταισαν
1126 4406 1157 4462 Μ
1173 4423 1215 4476 pr.
1233 4423 1318 4474 man„
1341 4404 1464 4466 ἔπαισαν

209 4492 291 4546 ceteri
360 4487 413 4548 τὸν
432 4492 526 4545 abesse
543 4492 618 4544 malit
636 4492 780 4561 Emperius
