3068 5160
594 358 730 414 ORATIO
748 359 797 415 XI.
1261 365 1322 424 129

63 522 307 618 τῶνἙλλήνων
331 529 524 613 πολεμίους.
562 539 713 618 κρεῖττον
736 534 794 595 οὖν
817 532 905 597 εἶναι
927 537 971 620 μή
996 532 1196 599 καταλιπεῖν
1220 539 1321 624 ἀρχήν
1334 541 1374 605 53

64 630 219 714 πολέμου
241 637 298 698 καί
322 638 473 711 στάσεως
495 637 529 698 έν
552 641 625 710 τοῖς
639 627 783 720 Ἕλλησι.
829 637 886 697 τδν
911 633 945 697 δέ
970 637 1148 714 ἄχθεσθαι
1169 644 1240 718 μέν,
1265 642 1322 701 οὐκ

64 734 154 815 ἔχειν
178 731 214 797 δὲ
238 739 333 812 ὅπως
354 734 486 821 κωλύσῃ
503 740 561 799 τὸν
580 736 793 822 Τυνδάρεων·
816 739 930 821 κύριον
953 739 1015 821 γάρ
1032 737 1121 801 εἶναι
1136 749 1195 826 τῆς
1220 745 1322 805 αὑτοῦ

62 836 254 921 θυγατρός·
276 841 333 902 καί
356 841 424 919 ἅμα
449 841 640 924 φοβεῖσθαι
663 843 741 914 τοδς
765 835 893 913 παῖδας
916 840 1026 900 αὐτοῦ.
1071 843 1127 904 καί
1150 845 1257 918 οὕτως
1281 843 1318 931 δή

26 950 43 1001 5
63 934 182 1021 λαβεῖν
193 930 413 1026 Ἀλέξανδρον
429 943 487 1026 τήν
499 933 628 1026 Ἑλένην
643 944 679 1003 έκ
694 950 755 1002 τοῦ
770 939 911 1017 δικαίου,
935 943 1101 1003 πείσαντα
1117 946 1195 1018 τούς
1210 951 1321 1027 γονεῖς

63 1040 169 1128 αὐτῆς
190 1043 248 1104 καί
261 1044 340 1118 τοδς
357 1039 535 1127 ἀδελφούς,
557 1045 614 1105 καί
630 1044 821 1128 ἀφικέσθαι
837 1044 960 1123 άγοντα
975 1044 1059 1122 μετὰ
1076 1041 1207 1107 πολλοῦ
1221 1042 1319 1131 ζήλου

61 1143 121 1204 καὶ
138 1148 261 1228 χαράς
290 1146 347 1206 καί
375 1147 433 1206 τόν
462 1166 497 1206 τε
519 1146 677 1229 Πρίαμον
707 1146 763 1206 καί
786 1135 995 1226 τδνἝκτορα
1018 1146 1074 1206 καί
1096 1149 1175 1222 τοδς
1197 1146 1319 1224 ἀλλους

62 1243 222 1320 ἅπαντας
248 1243 398 1331 ήδεσθαι
428 1244 475 1328 τῴ
504 1249 615 1328 γάμῳ,
650 1249 706 1309 καί
734 1249 793 1333 τήν
819 1238 946 1332 Ἑλένην
973 1245 1207 1326 ὑποδέχεσθαι
1234 1253 1318 1329 μετά

60 1344 200 1408 θυσιῶν
222 1349 278 1410 καί
302 1349 413 1427 εὐχῶν.
522 1351 650 1410 Σκόπει
667 1346 712 1424 δέ,
738 1350 814 1433 ἔφη,
838 1344 897 1433 τὴν
913 1350 1074 1434 εὐήθειαν
1089 1358 1150 1411 τοῦ
1166 1353 1317 1413 ἐναντίου
1330 1354 1370 1414 54

10 1456 42 1511 10
61 1441 181 1529 λόγου,
212 1448 247 1511 εἴ
272 1465 328 1512 σοι
357 1447 453 1511 δοκεῖ
482 1448 623 1512 δυνατδν
652 1450 740 1513 εἶναι
770 1457 906 1533 πρῶτον
934 1454 994 1531 μὲν
1023 1454 1216 1539 ε’ρασθήναί
1242 1477 1317 1517 τινα

59 1553 236 1630 γυναικός,
266 1552 305 1636 ήν
336 1552 519 1613 οὐπώποτε
549 1549 653 1613 εἶδεν·
683 1554 803 1614 ἔπειτα
832 1554 888 1614 καί
917 1559 1038 1616 πεῖσαι
1064 1553 1318 1619 καταλιποῦσαν

59 1652 121 1712 τδν
144 1649 251 1737 ἀνδρα
273 1657 330 1716 καί
352 1656 411 1740 τήν
435 1651 584 1738 πατρίδα
614 1656 670 1715 καί
698 1657 829 1729 πάντας
858 1657 937 1730 τοδς
960 1658 1176 1738 ἀναγκαίους,
1208 1660 1259 1720 έτι
1283 1656 1317 1720 δέ

60 1751 161 1833 οἶμαι
172 1755 359 1840 θυγατρίου
372 1761 545 1838 γεγονυῖαν
556 1761 694 1840 μητέρα,
713 1753 1007 1842 συνακολουθῆσαι
1018 1756 1114 1842 ἀνδρί
1126 1756 1316 1844 ἀλλοφύλῳ.

23 1896 26 1901 -
56 1851 119 1917 διδ
141 1860 267 1943 ταύτην
288 1859 351 1943 γάρ
375 1861 434 1943 τήν
457 1855 595 1939 ἀλογίαν
621 1855 835 1919 συνέπλασαν
858 1861 916 1920 τδν
940 1860 1019 1942 περί
1041 1868 1099 1944 τῆς
1112 1851 1317 1945 Ἀφροδίτης

10 1964 38 2018 Ιλ
57 1958 175 2037 μῦθον
203 1956 290 2021 πολδ
319 1962 448 2021 τούτων
478 1957 786 2044 ἀποπληκτότερον.
838 1961 868 2021 εί
898 1957 933 2020 δὲ
963 1951 1219 2044 δἈλέξανδρος
1248 1965 1315 2024 ένε-
1327 1965 1367 2024 55

59 2058 226 2146 θυμήθη,
258 2069 333 2136 πῶς
360 2065 379 2124 δ
401 2083 436 2123 τε
461 2065 572 2148 πατήρ
596 2064 784 2145 ἐπέτρεψεν
808 2062 933 2122 οὐκῶν
962 2063 1118 2145 ἀνόητος,
1149 2060 1233 2124 ἀλλά
1263 2067 1319 2126 καί

15 2172 48 2225 Ι)
63 2158 202 2248 σφόδρα
226 2161 332 2227 δοκῶν
354 2173 431 2227 νοῦν
455 2166 556 2244 ἔχειν,
580 2167 601 2248 ή
627 2184 663 2224 τε
689 2165 796 2247 μήτηρ
802 2186 814 2238 ,·
837 2169 912 2236 πῶς
936 2158 971 2223 δὲ
995 2165 1083 2238 είκδς
1106 2167 1164 2226 τδν
1179 2157 1317 2250 Ἕκτορα

59 2265 205 2349 ὕστερον
227 2268 287 2346 μὲν
311 2262 485 2343 ὀνειδίζειν
506 2269 558 2329 καί
582 2263 819 2349 λοιδορεῖσθαι
843 2262 932 2345 αὐτῷ
957 2268 1036 2348 περί
1065 2274 1124 2352 τῆς
1153 2269 1316 2353 ἁρπαγης,

61 2367 110 2442 ῶς
134 2384 241 2452 φησιν
256 2361 419 2454 Ὅμηρος·
445 2366 532 2450 λέγει
554 2369 615 2451 γάρ
641 2369 763 2440 οὕτως·

10 2492 37 2546 Ι)
189 2489 368 2571 Δύσπαρι,
392 2485 482 2562 εἶδος
505 2489 633 2570 ἄριστε,
656 2490 867 2568 γυναιμανές,
891 2491 1124 2571 ήπεροπευτά,

192 2581 271 2650 αἴθ’
297 2586 416 2674 ὄφελες
438 2592 559 2670 άγονδς
581 2579 614 2647 τ’
641 2589 757 2667 ἔμεναι
779 2589 908 2668 άγαμός
931 2580 964 2647 τ’
990 2586 1198 2650 ἀπολέσθαι.

193 2691 230 2751 οὐ
254 2693 315 2775 γάρ
339 2711 393 2752 τοι
413 2693 560 2775 χραίσμῃ
584 2690 724 2773 κίθαρις
747 2692 787 2749 τά
811 2711 847 2750 τε
872 2682 953 2772 δῶρ’
976 2682 1180 2776 Ἀφροδίτης

190 2793 212 2875 ή
235 2813 271 2853 τε
286 2795 370 2877 κόμη
395 2797 433 2854 τό
453 2814 487 2854 τε
504 2790 605 2867 εἶδος,
630 2783 681 2853 ὅτ’
708 2793 742 2852 έν
764 2794 897 2874 κονίῃσι
919 2794 1067 2876 μιγείης·

61 2906 98 2987 ἐξ
121 2911 225 2995 ἀρχῆς
249 2909 284 2972 δὲ
309 2915 493 2995 πράττοντι
524 2919 736 2994 συγχωρήσαι
765 2917 887 2984 ταῦτα;
916 2913 933 2970 δ
963 2931 998 2971 τε
1013 2902 1144 2984 Ἕλενος
1175 2915 1249 2982 πῶς
1279 2908 1365 2972 οὐ56

10 3020 40 3071 z
61 3009 226 3097 προέλεγε
248 3016 369 3093 μάντις
393 3016 448 3089 ῶν,
472 3015 491 3096 ή
515 3033 551 3073 τε
567 3009 774 3094 Κασσάνδρα
793 3012 1063 3096 θεοφορουμένη,
1088 3014 1174 3095 πρὸς
1191 3009 1225 3073 δὲ
1241 3013 1316 3071 τού-

60 3135 136 3189 τοις
160 3115 179 3175 δ
198 3106 365 3200 Ἀντήνωρ
389 3113 494 3177 δοκῶν
512 3119 659 3198 φρονεῖν,
683 3105 757 3175 ἀλλ)
784 3117 923 3198 ὕστερον
939 3116 1143 3197 ἠγανάκτουν
1162 3116 1218 3176 καὶ
1240 3116 1316 3174 έπέ-

61 3213 214 3302 πληττον
237 3220 296 3279 έπί
318 3223 579 3302 πεπραγμένοις,
604 3212 679 3291 ἐξὸν
702 3208 766 3300 ἀφ’
792 3217 907 3290 ἑστίας
929 3212 1069 3276 κωλύειν
1077 3237 1088 3290 ,·
1204 3215 1256 3275 ἴνα
1282 3211 1316 3275 δὲ

60 3315 157 3403 εἰδῇς
185 3321 245 3404 τήν
269 3315 457 3403 ὑπερβολήν
481 3327 540 3403 της
563 3315 785 3402 ήλιθιότητος
808 3320 864 3380 καί
893 3319 938 3390 ὡς
961 3317 1002 3376 τά
1028 3313 1135 3401 ψεοδή
1160 3312 1317 3400 ἀλλήλους

59 3422 222 3501 μάχεται·
254 3417 386 3502 λέγουσι
411 3421 472 3503 γάρ
497 3421 542 3494 ὡς
572 3423 639 3504 πρὸ
670 3417 790 3500 ὀλίγων
814 3422 897 3480 ἐτῶν
916 3410 1079 3503 Ἡρακλῆς
1102 3417 1317 3500 πεπορθήκει

10 3528 39 3580 w
59 3525 121 3608 τήν
144 3519 247 3583 πόλιν
271 3518 327 3583 διά
350 3522 471 3604 μικράν
495 3525 682 3606 πρόφασιν,
707 3522 881 3604 ὀργισθείς
903 3522 988 3603 ὑπὲρ
1007 3521 1134 3595 ἵππων,
1158 3522 1211 3580 δτι
1233 3520 1315 3578 ὑπο-

62 3627 227 3704 σχόμενος
243 3622 332 3704 αὐτῷ
349 3621 470 3684 δώσειν
487 3625 505 3683 ά
520 3621 713 3702 Λαομέδων
730 3625 906 3704 ψεύσαιτο.
945 3625 1000 3684 καί
1021 3623 1084 3702 ἐγὼ
1102 3619 1316 3703 ἀνεμνήσθην
1328 3620 1366 3678 57

61 3733 130 3788 τῶν
153 3728 258 3801 ἐπῶν,
280 3728 315 3786 έν
339 3725 391 3798 οίς
413 3728 518 3786 ταῦτά
543 3740 664 3810 φησιν·

151 4035 350 4097 3κωλύσειί
405 4037 554 4108 Τυνδάρεω
572 4040 634 4094 libri
688 4030 797 4096 403w
812 4039 858 4092 BT
911 4034 1046 4097 θαύτοὺσ
1063 4053 1112 4106 pro
1129 4031 1219 4107 αδτῆσ
1234 4034 1281 4090 UB

64 4131 95 4181 11
121 4128 170 4182 καί
198 4133 295 4181 πεῖσαι
317 4123 391 4181 UBT
419 4129 467 4182 καί
493 4124 605 4181 ἐλπίσαι
631 4126 685 4182 VM
714 4127 786 4179 unde
811 4120 1070 4193 συνακολουθήσειν
1095 4121 1216 4175 Hertlein

64 4215 96 4265 17
111 4214 173 4276 πῶς
185 4208 215 4266 δὲ
227 4209 333 4278 scripsi,
345 4213 412 4266 πῶσ
424 4205 480 4281 γὰρ
492 4210 553 4264 libri
600 4206 789 4278 λθάρισταΜ
840 4203 1061 4280 ἢπεριπευτοίῦ
1110 4205 1265 4272 σί.Γ39εη.

62 4298 94 4349 21
117 4291 229 4366 ὅφελοσ
246 4293 276 4346 Μ
345 4289 463 4363 ἔμμεναι
483 4294 553 4349 UBT
623 4299 655 4348 22
671 4293 853 4366 χραίσμοιλ
923 4296 953 4345 23
971 4289 1134 4363 κορίηισιλί
1204 4292 1234 4341 λλ
1254 4283 1320 4353 ἐξὸν

63 4424 224 4505 ἀφικέσθαι
240 4425 359 4486 κωλύειν
376 4429 447 4494 libri,
466 4445 535 4484 corr.
550 4429 689 4499 Wyttenb.
748 4433 780 4482 29
798 4423 979 4499 πεπορθήκοι
997 4425 1120 4480 Hertlein
1177 4428 1208 4477 30
1229 4387 1320 4480 λἰιίτλοοδ

64 4517 139 4583 (εἰσί)
160 4516 186 4572 V
255 4518 284 4570 31
305 4509 392 4570 δυ’σιν
409 4514 435 4569 U

118 4608 178 4654 mo.
192 4607 211 4650 1.
1102 4600 1117 4649 9
