3068 5160
181 303 207 357 X
662 301 951 358 PROLEGOMBNA.

181 472 322 541 medium
345 494 416 541 esse
437 474 600 541 statuebat
614 474 698 541 inter
713 473 861 540 meliores
876 491 956 558 quos
971 470 1050 538 dioit
1065 479 1097 538 et
1112 473 1286 540 deteriores
1302 475 1444 545 oodioes.
1462 510 1464 515 ·

180 577 262 642 Eam
295 577 488 642 sententiam
520 576 690 662 amplexus
723 582 772 643 est
799 576 948 641 Mahnins
977 595 1049 641 oum
1080 577 1115 641 in
1147 574 1373 645 dissertatione
1403 580 1445 647 de

181 679 295 746 Dionis
318 678 482 745 oodioibus
503 677 639 763 probare
661 684 839 761 sonaretur,
866 677 1095 765 “arohetypum
1117 676 1280 744 oodioisB
1300 681 1334 745 in
1353 680 1444 748 dete-

180 781 299 847 riorum
321 781 476 847 librorum
498 800 629 847 numero
650 779 761 864 fuisse,
783 785 896 866 postea
911 784 1018 845 autem
1034 777 1077 844 ad
1092 779 1304 866 arohetypum
1319 783 1445 852 eodieis

180 882 383 949 VatioaniV
412 888 588 950 eorreetum
618 877 719 950 esse.’'
767 883 866 948 (luins
894 882 1010 949 erroris
1040 881 1125 949 duae
1152 881 1282 948 fuerunt
1310 904 1443 968 oausae,

181 986 285 1052 altera
307 984 393 1070 quod
414 985 570 1052 leotiones
586 983 732 1051 oodieum
747 1005 811 1049 non
826 985 889 1051 nisi
905 1003 946 1050 61
962 984 1443 1070 611116661116661166666661-

180 1095 230 1155 tas
253 1087 404 1170 habebat,
427 1087 513 1154 unde
535 1086 576 1153 de
597 1086 666 1154 eod.
683 1087 713 1152 V
728 1092 814 1154 reete
837 1085 982 1153 iudieare
1002 1107 1067 1152 non
1088 1092 1216 1171 poterat
1231 1087 1283 1168 (61.
1298 1109 1384 1172 6666
1401 1089 1445 1157 de

180 1191 353 1257 oollatione
377 1188 489 1255 Cobeti
516 1209 615 1273 supra
643 1187 812 1271 diximus),
842 1189 945 1254 altera
973 1187 1060 1273 quod
1080 1189 1225 1274 Emperii
1251 1190 1292 1257 de
1313 1190 1444 1260 duabus

180 1293 332 1359 librorum
354 1291 487 1357 familiis
513 1291 711 1375 opinionem,
741 1310 826 1375 quae
848 1310 889 1357 61
912 1291 985 1376 ipsa
1006 1290 1149 1376 Emperii
1171 1291 1313 1360 editione
1333 1293 1444 1361 refelli

179 1400 294 1480 potest,
317 1394 504 1459 examinare
525 1392 715 1476 supersedit.
745 1392 882 1477 Propius
904 1391 1073 1459 adrerum
1088 1394 1224 1459 aooessit
1239 1395 1360 1480 Sonny,
1383 1398 1444 1481 qui

180 1516 218 1562 eo
240 1496 370 1561 nomine
392 1495 471 1560 mihi
493 1493 675 1560 laudandus
698 1500 755 1578 est,
780 1493 867 1579 quod
889 1493 957 1560 eod.
982 1494 1094 1561 Urbin.
1124 1500 1199 1578 124,
1224 1501 1444 1582 contemptum

180 1598 300 1663 iniuria
321 1617 342 1662 a
365 1595 484 1663 Cobeto
513 1602 545 1663 et
566 1596 733 1681 Emperio,
762 1598 883 1681 primus
905 1617 964 1662 nos
986 1596 1095 1664 doouit
1116 1598 1235 1664 reotius
1257 1600 1443 1668 aestimare.

180 1701 307 1766 Primus
329 1700 415 1766 enim
436 1699 597 1765 intellexit
619 1718 661 1765 61
679 1699 739 1765 hoe
754 1699 865 1767 oodioe
879 1699 1050 1784 plerosque
1064 1718 1175 1766 omnes
1191 1699 1353 1768 derivatos
1368 1721 1444 1769 esse

180 1822 260 1886 quos
283 1801 458 1868 deteriores
480 1801 624 1886 appellat
645 1801 825 1886 Emperius.
864 1801 939 1884 Ipse
962 1821 1033 1866 eum
1055 1807 1131 1867 ante
1153 1802 1212 1868 hos
1235 1800 1315 1868 duos
1337 1822 1443 1870 annos

180 1905 242 1970 iter
266 1905 416 1970 Italioum
444 1902 651 1987 ingrediebar
675 1902 760 1969 hano
781 1903 844 1969 viri
866 1903 953 1969 doeti
973 1903 1182 1986 sententiam,
1212 1924 1310 1988 quam
1332 1908 1443 1973 oausis

179 2027 244 2072 non
267 2006 388 2072 additis
409 2007 542 2091 protulit
564 2007 598 2071 in
613 2005 774 2072 Fleokeia
797 2005 969 2072 annalibus
990 2010 1065 2071 tom.
1091 2011 1151 2071 113
1171 2026 1203 2090 p.
1220 2010 1443 2089 asseverem

181 2107 239 2175 sed
260 2130 325 2174 non
346 2108 531 2194 probabam,
555 2107 679 2174 Mahnii
701 2108 856 2192 speeiosis
878 2127 956 2174 sane
975 2107 1308 2191 argumentationibus
1324 2108 1443 2195 deeep-

179 2217 232 2277 tus
254 2210 306 2288 (ef.
328 2231 360 2295 p.
377 2215 417 2276 27
433 2213 504 2295 sq.).
538 2209 619 2276 Cum
633 2229 709 2276 vero
724 2216 757 2277 et
771 2211 930 2279 Venatum
944 2211 1143 2276 Mareianum
1160 2211 1187 2274 T
1203 2220 1235 2276 61
1249 2209 1443 2278 Urbinatem

183 2317 244 2377 124
267 2313 498 2394 eognovissem,
522 2313 632 2378 statim
654 2312 723 2379 vidi
745 2312 933 2380 firmissimis
955 2314 1153 2395 argumentis
1168 2312 1293 2396 Sonnyi
1314 2318 1444 2379 senten-

180 2415 260 2479 tiam
281 2413 389 2479 fuloiri
411 2433 515 2498 posse.
544 2413 692 2480 Gonoedo
714 2416 813 2496 igitur
836 2413 966 2496 Sonnyo
987 2414 1158 2498 plerosque
1180 2415 1280 2480 Italos
1303 2413 1443 2498 oodiees,

181 2534 262 2598 quos
284 2514 459 2582 deteriores
482 2516 627 2600 appellat
641 2514 811 2599 Emperius
829 2534 870 2580 61
885 2513 1044 2580 Urbinate
1062 2519 1122 2580 124
1138 2515 1294 2598 originem
1311 2515 1442 2583 dueere.

180 2615 265 2682 Nam
287 2622 462 2702 antequam
485 2618 640 2702 pleraque
661 2616 851 2702 apographa
873 2635 914 2682 61
936 2614 1094 2682 Urbinate
1117 2615 1383 2702 describerentur,
1406 2620 1443 2685 in

180 2719 237 2784 illo
263 2721 433 2804 quaternio
456 2718 592 2803 exeidit,
624 2719 680 2803 661
702 2719 856 2784 6161161116
879 2717 997 2782 XXXI
1018 2717 1227 2797 (Rhodiaoae)
1251 2720 1445 2804 6616616616-

180 2819 276 2886 batur
297 2822 406 2888 omnia
420 2821 497 2888 inde
513 2841 534 2888 a
548 2822 656 2888 verbis
672 2831 728 2886 νῦν
743 2825 762 2908 ἢ
781 2826 947 2908 πρότερον
961 2830 1061 2884 τοῦτο
1080 2820 1273 2904 διαβάλλειν
1288 2841 1366 2906 pag.
1381 2827 1444 2891 319

179 2924 259 2987 Mor.
282 2942 384 3006 usque
407 2922 450 2988 ad
471 2923 572 2989 verba
593 2933 742 2988 τοσαῦτα
766 2926 821 3009 ἔτη
844 2929 1017 3005 κειμένους
1034 2926 1120 2986 ὥστε
1135 2941 1210 3006 pag.
1227 2927 1288 2990 335
1304 2924 1444 2990 Morelli.

179 3024 250 3088 Iam
266 3042 338 3088 oum
354 3025 613 3109 apographorum
629 3023 764 3106 seribae,
787 3023 869 3088 nihil
884 3021 1008 3088 odorati
1025 3022 1104 3107 quid
1117 3025 1165 3089 rei
1180 3031 1273 3108 esset,
1290 3026 1444 3091 laounam

179 3125 527 3209 praetergrederentur,
551 3125 711 3209 insignem
734 3125 931 3210 apographis
953 3126 1020 3192 6616
1036 3127 1170 3210 originis
1185 3133 1293 3193 notam
1308 3127 1444 3212 impres-

179 3231 301 3292 serunt.

265 3329 335 3394 Hae
360 3328 460 3411 igitur
482 3329 606 3396 ratione
628 3330 724 3397 hosoe
745 3329 845 3398 libros
867 3350 908 3397 61
923 3329 1082 3398 Urbinate
1100 3335 1161 3395 124
1183 3329 1344 3396 derivatos
1367 3350 1440 3398 esse

180 3428 424 3514 demonstratur,
447 3450 527 3515 quos
549 3451 584 3498 re
606 3433 706 3500 semel
727 3433 858 3517 oognita
879 3431 961 3498 nihil
984 3433 1122 3517 amplius
1144 3451 1314 3497 moramur.

128 3535 158 3599 D
261 3532 499 3601 Laurentianus
526 3535 607 3620 plut.
631 3540 670 3602 59
694 3534 763 3601 eod.
787 3539 843 3619 22,
874 3535 930 3619 661
958 3533 1046 3618 apud
1073 3533 1259 3616 Emporium
1280 3533 1311 3598 D
1334 3532 1434 3615 audit,

180 3634 359 3720 desoriptus
381 3636 423 3704 ab
445 3637 502 3703 illo
523 3637 625 3722 praef.
648 3641 666 3715 §
684 3641 733 3702 19.

264 3738 469 3806 Florentinus
485 3739 584 3806 Conv.
607 3759 713 3823 soppr.
739 3743 799 3803 114
821 3742 973 3804 exaratus
995 3756 1092 3801 manu
1107 3735 1269 3802 Theodori
1283 3736 1433 3818 Doeiani,

180 3859 264 3906 anno
289 3844 381 3908 1328.
404 3841 444 3906 61.
467 3841 559 3924 Emp.
581 3839 682 3924 61661
706 3843 790 3916 §ib

128 3941 158 4007 A
265 3943 434 4008 Parisinus
457 3947 540 4009 2959
565 3941 619 4022 (Α)
641 3940 790 4006 Caesaris
813 3939 956 4023 Strategi
978 3961 1077 4006 manu
1099 3947 1253 4007 exaratus
1274 3941 1328 4020 (61.
1349 3941 1444 4026 11166.

179 4043 281 4129 61661.
299 4049 317 4122 ς
333 4048 386 4124 28)
410 4063 506 4128 quem
528 4044 680 4110 laounam
701 4043 794 4108 illam
814 4041 935 4108 habere
956 4043 992 4107 in
1014 4049 1095 4110 orat.
1110 4044 1229 4108 XXXI
1250 4063 1308 4128 per
1329 4043 1443 4109 literas

180 4147 259 4212 mihi
282 4144 477 4230 significavit
500 4144 654 4211 Ountnius
676 4145 809 4211 amicus.

129 4250 156 4313 Τ
264 4249 448 4314 Μ61616666
479 4251 538 4314 421
564 4247 618 4332 (Τ)
648 4247 823 4314 membran.
853 4264 939 4311 saeo.
960 4245 1024 4311 XV
1052 4247 1190 4332 seriptus
1216 4247 1304 4312 16666
1327 4245 1442 4311 Β6666-

179 4350 289 4415 116616.
340 4351 434 4415 Η666
463 4349 623 4436 oodioem,
654 4351 711 4437 qui
740 4352 810 4435 ipse
839 4367 967 4434 quoque
998 4369 1108 4417 omnes
1136 4350 1251 4416 Dionis
1281 4349 1444 4414 orationes

180 4451 330 4535 eontinet,
354 4451 500 4518 Venetiis
523 4456 644 4521 6661611
665 4459 776 4536 totum,
800 4451 887 4538 quod
910 4449 1080 4536 1161661166
1098 4451 1257 4518 Venetam
1273 4451 1442 4518 Turrisani
