3068 5160
578 345 715 401 ORATIO
733 345 846 400 XXXII.
1268 347 1329 408 271

74 527 269 609 ἀφικνεῖται
292 525 379 607 πρός
401 527 501 604 ημᾶς,
526 517 610 583 ἀλλά
634 528 789 605 πανταχῇ
812 523 948 583 πάντων
971 523 1113 604 ἀγαθῶν
1136 524 1232 586 αὐτοὶ
1253 546 1330 608 κρα-

75 634 172 687 τοῦσι
200 627 256 687 καὶ
287 621 485 704 διανέμουσι
508 620 666 705 δαψιλῶς
688 629 761 698 τοῖς
783 618 945 684 ἐθέλουσι
969 619 1147 703 δέχεσθαι·
1177 627 1218 687 τά
1246 628 1330 688 κακά

76 724 111 789 δὲ
136 723 343 805 ἀλλαχόθεν,
373 729 419 801 ὡς
448 724 485 803 ἐξ
514 730 631 810 ἑτέρας
660 727 752 800 τινός
781 733 891 810 πηγῆς
917 726 1049 809 ἔρχεται
1072 720 1161 811 [τῶν]
1184 725 1330 813 πλησίον

76 829 178 913 ούσης
200 820 286 912 παρ)
311 833 407 914 ημῖν,
436 829 551 913 ὥσπερ
575 829 635 890 ἐπὶ
656 824 754 889 τοῦδε
776 835 838 889 τοῦ
857 824 981 901 ύδατος
1003 829 1040 889 τό
1063 830 1124 907 μέν
1149 825 1254 911 σῷζον
1276 833 1332 892 καί

38 912 201 1016 στρόφον
223 932 279 992 καὶ
301 932 439 1011 γόνιμον
462 931 567 1004 όντως
590 930 726 992 ἀνωθεν
742 930 854 992 ποθεν
870 931 906 990 ἐκ
922 925 1099 1009 δαιμονίου
1115 934 1207 1005 τινός
1223 942 1331 1019 πηγῆς

76 1036 225 1110 κάτεισι,
253 1033 333 1106 τούς
361 1034 535 1116 ῥυπαροὺς
565 1029 600 1094 δὲ
625 1033 760 1111 ὀχετούς
781 1033 838 1093 καί
861 1028 1025 1107 δυσώδεις
1049 1033 1145 1095 αὐτοὶ
1167 1043 1331 1114 ποιοῦμεν

76 1137 132 1197 καὶ
155 1125 218 1220 ἀφ’
243 1138 337 1218 ημῶν
362 1131 456 1195 σύτοι
472 1135 637 1196 ἵστανται.
676 1131 732 1195 διά
747 1133 810 1216 χάρ
827 1133 1024 1218 ἀνθρώπων
1039 1136 1158 1197 ἄνοιαν
1180 1138 1236 1199 καὶ
1257 1159 1332 1223 τρυ-

79 1239 146 1322 φην
168 1237 224 1298 καὶ
247 1232 446 1320 φιλοτιμίαν
470 1231 630 1320 δυσχερὴς
654 1237 763 1316 όβίος
777 1236 833 1297 καί
847 1237 971 1314 μεστός
987 1237 1131 1321 ἀπάτης,
1155 1241 1331 1322 πονηρίας,

78 1335 197 1422 λύπης,
220 1338 349 1421 μυρίων
371 1333 482 1398 ἀλλων
503 1345 621 1399 κακῶν.
709 1339 837 1398 τούτων
861 1334 896 1398 δέ
920 1339 955 1398 ἐν
971 1336 1055 1417 ίάμα
1076 1340 1133 1400 καί
1156 1342 1332 1424 φάρμακον
1345 1343 1384 1404 16

27 1449 55 1499 10
71 1442 246 1524 ,ἐποίησαν
262 1440 296 1500 ol
311 1439 391 1500 θεοὶ
407 1436 567 1501 παιδείαν
582 1440 638 1501 καὶ
661 1435 767 1521 λόχον,
792 1429 820 1520 ᾧ
836 1435 893 1500 διὰ
908 1440 985 1519 βίου
1007 1445 1068 1519 μέν
1090 1461 1143 1515 τις
1161 1443 1334 1526 χρώμενος

77 1544 133 1604 καί
157 1548 301 1620 συνεχῶς
322 1536 412 1624 ἦλθέ
433 1559 518 1602 ποτε
541 1543 628 1625 πρός
643 1538 739 1615 τέλος
755 1542 846 1622 ύχιές
859 1542 916 1603 καὶ
934 1539 1110 1622 εὔδαιμον·
1136 1545 1170 1604 οἱ
1193 1540 1228 1604 δὲ
1247 1560 1333 1604 σπα-

77 1646 158 1718 νίως
179 1645 235 1705 καὶ
258 1640 314 1704 διὰ
334 1645 456 1726 χρόνου
479 1644 563 1703 ποτε
587 1645 823 1728 περιτυχόντες

231 1742 351 1807 ἀλλοτε
373 1746 434 1824 μὲν
458 1736 581 1821 ζώουσ’
607 1747 812 1830 ἑτερήμεροι,
837 1743 957 1808 ἀλλοτε
981 1736 1013 1807 δ’
1041 1746 1120 1808 αύτε

231 1849 409 1910 τεθνᾶσιν·

26 1959 54 2007 15
78 1953 169 2029 ὅμως
193 1946 228 2012 δέ
251 1946 313 2033 ἤδη
339 1950 423 2009 ποτε
447 1946 607 2025 ἐξαισίων
631 1945 750 2010 δεινῶν
766 1951 987 2028 ἐπικειμένων
1004 1949 1120 2022 αὐτοῖς
1136 1950 1334 2034 ἀπετράπη·

80 2070 150 2112 σαν.
198 2053 232 2112 ol
261 2048 296 2112 δὲ
328 2047 385 2112 διὰ
415 2052 544 2123 παντός
566 2052 708 2134 ἀπειροι
729 2057 792 2112 τοῦ
813 2051 991 2134 φαρμάκου
1014 2053 1134 2112 τούτου
1157 2053 1213 2114 καί
1233 2050 1334 2136 μηδέ-

80 2172 164 2213 ποτε
195 2160 430 2237 σωφρονοῦντι
461 2148 545 2232 λόγῳ
576 2152 637 2225 τάς
668 2152 771 2225 ἀκοάς
799 2153 978 2230 ὑπέχοντες
1001 2149 1190 2238 ὁλοκλήρως
1213 2152 1335 2216 ἄθλιοι

79 2249 247 2336 μηδεμίαν
272 2258 398 2338 σκέπην
419 2249 506 2338 μηδὲ
530 2249 702 2338 προβολὴν
725 2255 856 2331 ἔχοντες
879 2254 948 2314 ἀπό
972 2261 1039 2316 τῶν
1062 2257 1199 2335 παθῶν,

235 2347 310 2416 ἀλλ’
335 2357 370 2418 ἐν
394 2351 573 2437 ἀκαλύπτῳ
597 2356 654 2418 καί
675 2351 881 2439 ταλαιπώρῳ
905 2357 968 2437 βίῳ

29 2466 58 2515 20
229 2451 477 2536 χειμαζόμενοι,
511 2459 518 2468 ‘

81 2560 241 2643 καθάπερ
267 2561 391 2644 σκάφει
415 2557 536 2644 σαθρῷ
558 2560 615 2621 καὶ
637 2555 801 2641 λελυμένῳ
827 2561 964 2622 πάντων
981 2562 1016 2622 ἐν
1032 2561 1200 2642 ἀγνώμονι
1222 2565 1334 2646 γνώμη

80 2662 135 2722 καὶ
147 2663 304 2745 πονηρίᾳ.
334 2663 510 2742 συμβαίνει
523 2659 558 2723 δὲ
572 2664 652 2736 τούς
666 2661 844 2735 κακίστους
858 2662 915 2722 καὶ
930 2663 1173 2741 ἀτυχεστάτους
1189 2663 1235 2736 ὡς
1251 2682 1334 2747 πορ-
1347 2673 1386 2734 17

11 2765 220 2843 οΜιρωτάτω
245 2766 380 2849 φεύχειν
403 2766 473 2826 ἀπὸ
497 2772 559 2825 τοῦ
580 2760 678 2844 λόγου
700 2764 757 2824 καί
778 2764 822 2847 μη
853 2759 987 2825 ἐθέλειν
1011 2765 1158 2841 ἀκούειν,
1186 2756 1269 2850 μηδ’
1295 2755 1336 2828 ἀν

79 2859 239 2949 βιάζηταί
260 2887 323 2942 τις,
348 2868 464 2950 ὥσπερ
488 2865 585 2946 οἶμαι
607 2867 663 2927 καί
685 2871 751 2926 τῶν
774 2862 878 2927 ἐλκῶν
900 2865 942 2926 τά
967 2862 1106 2951 δυσχερῆ
1132 2862 1206 2928 λίαν
1222 2868 1279 2928 ούκ
1295 2866 1335 2951 ἐᾷ

29 2973 57 3022 25
81 2968 356 3049 προσάψασθαι,
385 2969 441 3029 καί
469 2975 568 3028 τοῦτο
603 2967 682 3028 αύτό
714 2970 852 3052 σημεῖόν
881 2969 955 3029 ἐστι
984 2975 1046 3028 τοῦ
1066 2970 1155 3029 πάνυ
1179 2971 1336 3055 πονήρως

82 3068 165 3126 αύτά
182 3069 278 3145 ἔχειν.
318 3070 352 3129 οἱ
368 3066 403 3130 δέ
420 3076 571 3131 τοιοῦτοι
594 3060 679 3152 παρ’
705 3073 838 3153 ἑτέρους
862 3068 953 3131 ἴασιν
977 3070 1114 3154 ἰατρούς
1133 3071 1191 3151 ούχ
1207 3074 1337 3147 ἑκόντες

83 3170 327 3251 ἰσχυροτέρους.
374 3167 467 3255 διττὴ
491 3171 553 3254 γάρ
576 3171 749 3252 θεραπεία
772 3173 889 3245 κακίας
911 3173 967 3233 καὶ
990 3166 1152 3256 πρόνοια,
1175 3174 1335 3258 καθάπερ

82 3276 148 3330 τῶν
171 3266 282 3332 ἀλλων
305 3268 430 3333 νόσων·
453 3276 472 3356 η
496 3274 557 3351 μὲν
580 3274 708 3334 ἐοικυῖα
733 3268 845 3355 διαίτη
861 3274 917 3334 καί
934 3276 1135 3357 φαρμάκοις,
1158 3279 1177 3355 η
1201 3271 1236 3336 δὲ
1259 3278 1336 3336 καύ-

84 3389 136 3433 σει
164 3373 221 3433 καί
248 3381 351 3458 τομῇ,
381 3377 599 3461 προσήκουσα
628 3370 754 3453 μᾶλλον
782 3375 924 3456 ἄρχουσι
949 3377 1004 3436 καὶ
1027 3370 1145 3455 νόμοις
1166 3378 1222 3438 καί
1246 3373 1337 3438 δικα-

28 3480 59 3529 30
83 3479 188 3550 σταῖς,
214 3475 299 3536 οίτό
317 3477 476 3559 περιττόν
493 3473 531 3560 δὴ
555 3477 611 3537 καί
633 3476 771 3537 ἀνίατον
793 3471 976 3559 ἐξαιροῦσι.
1015 3473 1169 3556 βελτίους
1192 3475 1229 3540 δέ
1250 3479 1337 3540 εἰσιν

83 3578 116 3637 οἱ
144 3579 188 3661 μη
219 3574 347 3661 ῥηιδίως
366 3578 457 3638 αύτό
481 3581 697 3655 πράττοντες.
741 3579 800 3662 τὴν
824 3575 859 3639 δὲ
883 3580 999 3663 ἑτέραν
1021 3575 1218 3657 ἐπιμέλειαν
1241 3581 1387 3662 έρχον18

168 3824 277 3895 Ῑύμάσ
294 3825 364 3891 libri,
383 3842 454 3882 corr.
467 3826 568 3881 Reiske
637 3831 722 3896 ipro
739 3821 780 3893 ὥς
796 3825 886 3880 malim
898 3828 950 3882 καί
1017 3829 1078 3881 τῶν
1094 3825 1201 3892 seclusi,
1223 3820 1337 3897 ἔρχεται
1436 3828 1449 3851 ''·

81 3906 115 3966 τό
134 3930 167 3982 γε
185 3915 320 3968 πλεῖστον
338 3908 423 3984 οάσης
440 3911 603 3967 Herwerden
689 3913 926 3970 iovvlrtavrat?
1005 3907 1162 3968 εύνοιανΤ
1252 3916 1282 3966 13
1301 3901 1337 3969 αὖ

82 3995 131 4050 UT
217 3995 253 4050 cf.
273 3996 322 4050 Od.
341 3995 381 4049 XI
399 3999 495 4064 303sq.
583 4002 615 4051 15
631 3995 749 4065 ἐξεσίων
766 3998 797 4053 Μ
875 3999 1003 4066 exspecto
1019 3994 1068 4062 (ἐν
1085 3995 1196 4070 καιρῷ)
1214 3988 1338 4073 ἀπετρά-

82 4098 176 4151 πησαν
281 4084 311 4133 17
337 4083 549 4151 σωφρονίζοντι
572 4082 673 4138 Relslre
696 4083 885 4153 probabilster,
910 4084 1124 4151 σωφρονιοῠντι
1148 4080 1265 4136 (lobetus

84 4169 159 4232 19sq.
178 4164 321 4220 Menandri
344 4169 410 4220 sunt
433 4179 467 4219 ex
489 4164 618 4223 Πλάκιον
643 4167 749 4235 fabula,
779 4167 814 4222 cf.
840 4167 920 4222 Koclr
943 4166 1017 4221 Gom.
1043 4165 1134 4233 Frgm.
1158 4165 1200 4220 III
1221 4171 1268 4220 117

83 4253 112 4303 il
132 4248 250 4307 πάντων
267 4247 299 4306 ἐν
316 4253 444 4320 corrupta
461 4247 646 4321 πλανώμενοι
662 4253 690 4307 in
707 4257 824 4307 mentem
841 4253 914 4306 venii
931 4251 1140 4307 Wilamowitzio
1221 4254 1254 4305 24
1272 4251 1338 4306 rcri-

83 4334 212 4388 bendum:
236 4339 296 4390 ταῖν
321 4332 412 4392 ἑλκῶν
433 4329 469 4404 (ὃ
489 4331 575 4407 έχων)
594 4333 629 4394 τά
717 4341 750 4391 26
770 4330 821 4394 οὐκ
839 4332 957 4408 έχοντεσ
974 4336 1050 4403 libri,
1076 4351 1146 4390 corr.
1164 4335 1270 4391 Selden.

83 4422 114 4471 27
135 4422 184 4474 καὶ
200 4422 306 4476 κακίασ
323 4417 450 4492 πρόνοια
468 4420 530 4486 (hoc
548 4423 618 4489 ord.)
635 4422 705 4488 libri,
724 4437 794 4476 corr.
813 4421 912 4476 Reiske
1009 4425 1041 4476 30
1064 4420 1225 4495 ἐξαιροῦσιν
1242 4420 1272 4475 Μ

84 4507 114 4556 31
135 4498 268 4574 ἐρχωνΤ
