3068 5160
228 337 289 397 306
645 336 766 392 010le
784 335 941 390 TARSICA
958 334 1070 390 PRIOR

228 520 390 573 τοσοῦτον
414 509 449 573 δὲ
471 513 574 591 μόνον
598 513 708 573 εἰπεῖν
731 508 837 588 ἀξιον,
862 511 880 571 δ
901 507 1019 595 μηδείς
1042 511 1082 570 ἀν
1105 510 1298 593 ἀρνήσαιτο.
1339 509 1430 592 φημὶ
1447 504 1485 592 δη

227 615 430 694 θαυμαστόν
453 635 487 674 τι
510 613 629 687 πάθος
651 615 686 674 έν
714 621 755 697 τῇ
779 610 879 674 πόλει
901 614 1004 695 ταύτῃ
1029 611 1247 672 πεπονθέναι
1269 605 1438 685 πολλούς,
1469 609 1486 670 δ

230 708 315 799 παρ’
334 713 451 789 ἀλλοις
466 717 536 777 τισὶ
552 718 718 798 πρότερον
733 717 854 799 ἤκουον
871 710 999 793 μᾶλλον
1022 714 1041 796 ἢ
1067 704 1151 796 παρ’
1177 713 1255 790 ύμῖν
1277 713 1484 794 γιγνόμενον.

178 821 218 882 32
229 820 263 878 τί
286 815 321 879 δέ
344 809 438 879 τοῦτ’
464 819 556 879 ἔστιν
579 819 619 878 ἀν
641 819 685 901 μή
711 813 862 895 δύνωμαι
886 811 1037 899 δηλῶσαι
1062 821 1197 899 σαφῶς,
1221 810 1306 874 ἀλλά
1329 815 1427 892 ὑμεῖς
1451 833 1485 894 γε

230 921 399 1003 πειρᾶσθε
422 922 597 981 ὑπονοεῖν·
620 919 676 978 καί
698 914 802 1001 μηδέν
824 938 866 996 με
888 919 1048 1002 νομίσητε
1063 924 1130 978 τῶν
1149 917 1353 999 ἀπορρήτων
1380 912 1486 996 λέγειν
1505 930 1516 977 1

227 1010 309 1104 μηδ’
336 1021 354 1081 δ
376 1023 582 1104 κρύπτουσιν
607 1021 640 1080 οἱ
663 1026 851 1096 ποιοῦντες,
875 1021 905 1081 εί
927 1022 983 1082 καί
1007 1016 1141 1104 σφόδρα
1165 1015 1256 1094 δόξει
1270 1018 1484 1096 θαυμαστόν.

227 1119 353 1201 μεταξύ
375 1131 453 1204 γοῦν
478 1124 580 1204 ἀρθοὶ
601 1117 806 1202 βαδίζοντες,
832 1118 1009 1195 λαλοῦντες
1033 1123 1067 1182 οἱ
1082 1118 1222 1194 πλείους
1236 1116 1484 1181 καθεύδουσιν·

229 1225 259 1285 εί
284 1213 316 1286 δ’
342 1226 558 1308 ἐγρηγορέναι
580 1229 653 1297 τοῖς
677 1221 815 1286 πλείοσι
839 1221 1005 1301 δοκοῦσιν,
1030 1220 1126 1285 οὐδέν
1149 1224 1189 1285 ἀν
1213 1221 1263 1306 είή
1280 1228 1392 1281 τοῦτο.
1431 1223 1486 1282 καὶ

226 1327 289 1409 γάρ
312 1329 391 1399 τούς
415 1323 523 1407 λαγώς
549 1327 652 1410 φήσει
674 1347 727 1400 τις
749 1328 965 1411 ἐγρηγορέναι
986 1333 1053 1387 τῶν
1070 1327 1231 1407 ἀπείρων,
1254 1325 1313 1385 έάν
1336 1320 1393 1406 ἴδη
1417 1342 1485 1385 κοι-

226 1431 412 1506 μωμένους.
451 1428 564 1489 πόθεν
581 1428 638 1489 ούν
661 1429 817 1512 ε’γνώσθη
841 1436 961 1503 τοῦτο,·
984 1425 1021 1504 ἐξ
1036 1431 1158 1511 ἑτέρων
1180 1434 1291 1502 τινών,
1316 1428 1337 1486 ά
1362 1428 1487 1510 σημεῖά
1506 1439 1528 1489 10

177 1531 216 1592 33
230 1529 304 1589 ἐστι
332 1535 395 1588 τοῦ
414 1526 610 1591 καθεύδειν·
640 1531 717 1590 ἐπεὶ
739 1531 780 1589 τά
802 1548 838 1610 γε
866 1531 998 1609 ὄμματα
1023 1530 1132 1591 αὐτῶν
1155 1530 1407 1590 ἀναπέπταται.
1454 1529 1487 1588 τί

230 1629 287 1690 ούν
311 1627 407 1691 ούτοι
430 1638 571 1692 ποιοῦσι
593 1636 831 1710 κοιμωμένων;
854 1628 965 1692 πολλά
988 1633 1048 1710 μὲν
1073 1628 1111 1716 δὴ
1128 1633 1170 1691 τά
1189 1650 1224 1711 γε
1240 1627 1342 1690 ἀλλα·
1367 1626 1485 1709 σχεδὸν

228 1731 289 1814 γάρ
313 1734 425 1793 πάντα
450 1733 620 1817 ὀνείρασιν
643 1735 749 1795 ἔοικεν
773 1734 882 1795 αὐτῶν
904 1733 946 1793 τά
970 1735 1064 1816 ἔργα·
1086 1734 1218 1817 καὶγὰρ
1239 1733 1401 1816 χαίρουσι
1422 1735 1484 1811 μά-

227 1853 287 1916 την
308 1835 364 1894 καί
387 1830 572 1896 λυποῦνται
593 1837 650 1896 καὶ
671 1836 904 1919 θρασύνονται
925 1837 981 1896 καί
1006 1832 1188 1911 δεδοίκασι,
1211 1831 1355 1918 μηδενδς
1378 1836 1483 1910 ὄντος,

227 1935 283 1995 καί
307 1930 548 2013 σπουδάζουσι,
574 1939 719 1998 καὶτῶν
742 1934 916 1998 ἀδυνάτων
939 1937 1168 2016 ἐπιθυμοῦσι,
1191 1938 1247 1998 καί
1270 1936 1311 1996 τά
1334 1937 1378 2020 μὴ
1405 1938 1482 1997 ὄντα
1504 1949 1528 1998 15

227 2031 421 2115 νομίζουσιν
438 2036 535 2115 εἶναι,
558 2040 695 2100 καὶτῶν
713 2041 817 2100 ύντων
842 2040 899 2099 ούκ
915 2039 1152 2100 αἰσθάνονται.
1191 2035 1279 2124 πλην
1301 2041 1482 2117 ταῦταμὲν

227 2136 311 2211 ἴσως
331 2139 427 2199 κοινά
450 2142 506 2202 καὶ
527 2145 622 2224 ημῶν
644 2142 746 2202 ἐστιν.
792 2143 898 2202 έκεῖνο
923 2137 959 2201 δὲ
992 2138 1089 2219 οἶμαι
1113 2143 1352 2225 φανερώτατον
1375 2141 1481 2202 ὕπνου

226 2241 404 2323 τεκμήριον
428 2250 585 2318 ποιοῦσι,
608 2245 792 2326 ῥέγκουσιν.
838 2243 876 2303 ού
898 2243 960 2327 γάρ
985 2244 1048 2321 ἔχω
1071 2243 1118 2322 μά
1142 2243 1221 2315 τούς
1243 2243 1349 2316 θεούς
1373 2243 1482 2304 εἰπεῖν

226 2342 505 2426 εὐπρεπέστερον.
551 2346 664 2405 καίτοι
681 2346 737 2406 καί
759 2351 826 2405 τῶν
847 2349 1066 2424 κοιμωμένων
1089 2340 1199 2424 ὀλίγοι
1220 2345 1281 2421 μὲν
1308 2345 1362 2406 ἀεὶ
1383 2352 1481 2405 τοῦτο

227 2446 414 2522 πάσχουσι·
438 2451 504 2504 τῶν
529 2441 564 2506 δὲ
583 2441 693 2506 ἀλλιον
716 2451 789 2518 τοῖς
811 2447 982 2524 μεθύουσι
1005 2443 1182 2526 ξυμβαίνει·
1193 2446 1250 2506 καί
1265 2451 1338 2519 τοῖς
1354 2443 1481 2530 ἑμπλη-
1501 2458 1525 2509 11

175 2549 216 2610 34
234 2547 352 2608 σθεῖσι
372 2547 429 2608 καί
450 2551 523 2619 τοῖς
544 2548 588 2631 μὴ
615 2544 725 2620 καλῶς
751 2551 1014 2626 κατακειμένοις.
1059 2549 1123 2629 ε’γώ
1151 2545 1189 2609 δέ
1212 2568 1301 2632 ηοημι
1321 2555 1423 2607 τοῦτο
1446 2549 1482 2607 τὸ

227 2649 322 2730 ἔργον
346 2649 487 2733 αίσγράν
510 2649 568 2733 τὴν
592 2645 693 2710 πόλιν
717 2653 830 2710 ποιεῖν
852 2651 909 2711 καί
925 2646 1073 2734 δημοσία
1087 2651 1330 2727 καταισχύνειν,
1352 2649 1483 2732 κοίτην

226 2752 386 2835 μεγίστην
409 2752 504 2835 ύβριν
517 2752 576 2824 ἐίς
591 2752 650 2834 την
667 2747 817 2834 πατρίδα
832 2747 979 2835 ύβρίζειν
995 2753 1074 2825 τούς
1088 2741 1173 2830 μεθ’
1199 2754 1326 2834 ἡμέραν
1339 2751 1482 2823 τούτους

225 2857 471 2931 κσιμιαμένους,
500 2854 557 2914 καί
583 2849 722 2925 δικαίως
745 2853 785 2913 ἀν
809 2854 930 2927 αύτούς
953 2850 1176 2938 ἐξορισθῆναι
1198 2854 1255 2914 καί
1277 2841 1360 2933 παρ’
1385 2851 1480 2930 ὑμῶν

225 2956 281 3014 καὶ
304 2955 530 3032 πανταχόθεν.
662 2951 739 3014 ούδέ
767 2955 828 3038 γάρ
858 2958 995 3039 μέτριόν
1024 2958 1098 3017 έστι
1124 2957 1163 3016 τὸ
1185 2956 1380 3036 γιγνόμενον
1404 2951 1481 3015 οὐδὲ
1503 2968 1527 3018 11

227 3056 381 3128 σπανίως
398 3056 592 3135 συμβαῖνον,
616 3047 693 3116 ἀλλ’
713 3057 766 3118 ἀεὶ
781 3058 837 3118 καί
853 3065 1028 3136 πανταχοῦ
1040 3066 1099 3142 τῆς
1115 3053 1258 3132 πόλεως,
1276 3055 1337 3116 κάν
1354 3053 1481 3140 ἀπειλῇ

224 3177 277 3230 τις
299 3158 359 3217 κάν
383 3151 487 3240 παίζη
510 3158 570 3218 κάν
591 3155 769 3240 καταγελᾷ.
807 3161 864 3221 καί
885 3162 923 3220 τύ
942 3156 1063 3220 λοιπὸν
1086 3155 1148 3242 ἤδη
1167 3155 1311 3241 ξύνηθές
1334 3158 1410 3218 ἐστι
1425 3159 1481 3218 καί

224 3263 297 3331 τοῖς
320 3260 409 3319 πάνυ
434 3264 588 3343 σμικροῖς
611 3261 731 3335 παισί,
760 3261 817 3321 καί
845 3267 911 3320 τῶν
934 3257 1071 3321 τελείων
1094 3263 1170 3321 ύσοι
1194 3257 1350 3321 δοκοῦσιν
1375 3257 1480 3321 αἰδεῖ-

225 3359 328 3435 σθαι,
359 3363 569 3443 προάγονται
598 3357 762 3434 πολλάκις
792 3362 907 3444 ὥσπερ
931 3362 990 3422 ἐπὶ
1013 3358 1108 3446 δώρῳ
1133 3363 1200 3424 τινί
1218 3362 1390 3447 χρῆσθαι,
1418 3363 1479 3422 κάν

174 3465 214 3527 35
225 3463 471 3546 ἐπιστήσαντες
501 3460 753 3547 διατραπῶσιν,
784 3464 992 3525 ἀνέπνευσαν
1020 3471 1098 3544 γοῦν
1129 3467 1255 3544 ὅμοιον.
1301 3465 1333 3525 εί
1363 3461 1403 3549 δή
1427 3485 1480 3538 τις
1501 3479 1527 3529 ού

312 3726 481 3788 2κολλάΤ
552 3730 700 3786 3ιισὶνΠ
769 3731 831 3786 4τί
850 3733 895 3785 δαὶ
912 3731 961 3786 UB
1048 3730 1160 3798 7plura
1178 3731 1322 3799 partIcipia
1344 3730 1479 3786 excidisse

222 3817 347 3885 suspicor
435 3821 466 3870 10
490 3815 553 3869 fort.
572 3811 704 3886 ἐγνώσθη
727 3812 761 3870 τὸ
785 3819 904 3888 πρᾶγμα
988 3819 1015 3868 11
1038 3807 1274 3873 α’νακέτταταιΤ
1346 3821 1377 3870 12
1396 3806 1478 3873 οὗτοι

222 3917 272 3955 om.
293 3901 315 3952 T
422 3906 453 3954 14
472 3904 639 3956 λυικοῦνται
658 3899 687 3950 Μ
784 3895 905 3971 μηδενὸς
922 3903 1015 3956 δεινοῦ
1035 3895 1120 3966 δντος
1138 3901 1246 3955 Geelius
1264 3905 1330 3975 περὶ
1353 3897 1476 3974 μηδενὸς

222 3983 308 4050 ἀντος
325 3986 403 4054 Emp.
428 3986 486 4052 ipse
508 3985 592 4038 verba
614 3978 734 4055 μηδενὸς
757 3981 843 4050 άντος
864 3984 903 4038 ita
925 3985 1093 4038 emendanda
1115 3989 1196 4054 μάλα,
1223 3991 1254 4040 ut
1276 3987 1311 4041 ad
1335 3988 1477 4056 sequentia

220 4069 381 4133 referantur,
399 4085 422 4123 e.
435 4085 460 4136 g.
474 4070 617 4125 δεδοίκασι
635 4063 766 4138 (καὶτὰ)
783 4063 904 4141 μηδενὸς
921 4064 1021 4140 (ἀξια)
1040 4069 1231 4140 σπουδάζουσι
1310 4077 1341 4127 18
1360 4071 1477 4144 ῥέκχου·

221 4175 265 4210 σιν
282 4156 307 4210 U
411 4158 527 4210 ποιοῦσι
544 4155 634 4207 malim
652 4154 749 4208 abesse
854 4159 884 4208 19
903 4154 956 4224 μὲν
973 4147 1018 4211 ἀεὶ
1038 4156 1099 4209 coni
1118 4156 1195 4222 wil„
1218 4156 1271 4226 μὲν
1296 4157 1324 4214 οἳ
1346 4158 1408 4211 libri

220 4240 335 4296 conieci:
360 4239 469 4296 τῶνδὲ
493 4234 589 4296 ἀλλων
611 4241 752 4308 (μᾶλλον)
775 4248 837 4304 τοῖς
859 4244 910 4294 etc.
998 4243 1029 4293 20
1053 4250 1115 4306 τοῖς
1137 4239 1324 4313 ἐμπλησθεῖσι
1347 4243 1477 4307 Culmus,

219 4335 281 4389 τοῖς
298 4323 454 4396 ἐμπληθέσι
472 4324 534 4376 libri
635 4328 666 4377 23
684 4318 796 4395 ύβρινεῖ
812 4319 904 4394 τὴνΤ
992 4327 1024 4378 26
1043 4323 1208 4394 συμβαίνειν
1226 4327 1276 4383 UT
1364 4331 1395 4381 27
1415 4328 1476 4383 καί·

219 4429 264 4465 τοι
282 4410 311 4462 Μ
385 4413 417 4463 29
435 4407 481 4465 ἐπὶ
500 4406 582 4483 δώρῳ
600 4413 653 4464 τινὶ
672 4415 843 4478 corruptum
862 4408 980 4464 fortasse
997 4406 1141 4484 ἐπιχωρίῳ
1160 4415 1213 4467 τινὶ
1231 4414 1287 4467 scil.
1309 4412 1394 4479 λέξω
1414 4408 1476 4469 ἔπει

219 4488 306 4566 ἀώρῳ
324 4493 476 4562 EmperiuS‚
499 4490 600 4566 ἕπωδώ
617 4492 723 4546 Selden.
