3068 5160
692 319 828 377 ORATIO
849 321 895 376 IV.
1376 325 1414 384 71

159 500 262 557 κινῶν
289 495 370 568 τούς
396 490 592 571 δακτύλους,
622 497 699 579 ήτοι
721 498 781 581 τήν
804 497 907 558 αὐτού
930 491 1142 578 λογιζόμενος
1166 499 1284 561 οὐσίαν
1306 501 1325 584 ή
1350 507 1417 562 τῶν

161 591 274 658 ἀλλων
295 597 397 672 τινός,
419 592 525 657 τάλλα
544 593 579 657 δέ
596 597 807 682 ἀναίσθητος
821 599 878 660 καί
892 599 1042 684 ἀμαθής,
1066 596 1228 675 παιδείας
1241 602 1298 663 καί
1312 620 1416 685 γραμ-

161 699 279 778 μάτων
293 694 493 778 καταγελῶν,
510 694 597 783 πλήν
613 701 693 760 ὅσον
709 701 788 783 περὶ
804 696 984 782 λογισμούς
998 701 1055 762 καί
1071 699 1271 783 συμβόλαια,
1285 699 1417 788 τυφλοῦ

163 795 305 874 δικαίως
331 801 388 862 καί
416 796 593 881 λεγομένου
622 801 680 862 καί
706 805 920 885 γραφομένου
948 809 1011 863 τού
1038 800 1187 866 πλούτου
1210 801 1416 890 τυφλότερος
1426 805 1468 871 93

133 901 322 986 ιέραστής,
348 902 428 984 περὶ
450 903 561 962 πάντα
586 898 712 963 λυττῶν
733 905 884 988 κτήματα
905 904 962 964 καί
985 900 1081 965 οὐδέν
1104 902 1299 990 ἀπόβλητον
1320 908 1417 987 ήγού-

161 1020 273 1081 μενος,
297 1002 356 1080 ούχ
378 1003 494 1086 ὥσπερ
517 1005 576 1088 τήν
598 1012 759 1088 μαγνῆτιν
783 1001 884 1066 λίθον
906 1001 1012 1066 ἕλκειν
1036 1006 1123 1089 φασὶ
1137 1009 1225 1090 πρὸς
1241 1008 1343 1092 αύτήν
1358 1008 1416 1067 τόν

164 1098 313 1188 σίδηρον,
337 1099 422 1164 ἀλλά
443 1105 500 1166 καί
518 1101 642 1183 χαλκόν
655 1107 712 1167 καὶ
726 1102 894 1186 μόλυβδον
910 1109 1175 1190 προσαγόμενος,
1197 1109 1258 1169 κᾶν
1272 1110 1416 1189 ψάμμον

161 1204 182 1288 ἢ
207 1200 309 1266 λίθον
332 1200 415 1286 διδῷ
439 1225 501 1282 τις,
525 1215 679 1293 πανταχῇ
699 1209 756 1270 καί
778 1209 858 1291 περὶ
880 1210 991 1269 πάντα
1017 1205 1133 1286 σχεδόν
1151 1230 1186 1271 τι
1200 1210 1239 1270 τό
1256 1209 1342 1287 ἔχειν
1356 1215 1418 1269 τού

161 1307 208 1391 μή
231 1305 319 1384 ἔχειν
343 1303 613 1392 λυσιτελέστερόν
630 1329 667 1371 τε
681 1311 738 1371 καὶ
752 1312 890 1390 ἀμεινον
905 1311 1096 1391 ήγούμενος,
1119 1306 1267 1389 μάλιστα
1285 1307 1321 1372 δὲ
1337 1312 1418 1394 περί

116 1412 143 1467 11
161 1409 222 1494 τήν
244 1415 307 1470 τού
326 1409 484 1493 ἀργυρίου
499 1419 616 1495 κτήσιν
636 1412 769 1495 ἔκφρων
790 1413 847 1474 καί
870 1416 1120 1492 συντεταμένος,
1143 1415 1196 1474 δτι
1219 1409 1258 1498 δή
1275 1414 1416 1491 τάχιστα

161 1506 435 1573 κάδαπανώτατα
453 1515 602 1595 πρόεισι,
627 1513 686 1573 σύν
700 1517 808 1597 ήμέρηι
823 1515 879 1576 καί
894 1515 986 1576 νυκτί
1000 1514 1187 1598 προβαῖνον
1201 1515 1259 1576 καί
1281 1514 1417 1599 φθάνον

164 1609 262 1691 οἶμαι
283 1612 345 1687 τὰς
366 1621 425 1698 τής
449 1611 589 1699 σελήνης
610 1611 804 1698 περιόδους,
825 1617 864 1676 τό
889 1613 924 1677 δέ
940 1623 1000 1700 τῆς
1015 1616 1206 1695 ἀπεχθείας
1218 1616 1276 1678 καί
1296 1617 1334 1676 τό
1357 1620 1469 1683 τού94

162 1713 286 1793 μίσους
306 1715 363 1776 καί
385 1708 489 1796 (τῶν)
510 1712 737 1800 βλασφημιῶν
760 1713 891 1800 οὐδαμῇ
915 1711 1137 1798 λογιζόμενος,
1161 1718 1212 1778 ἔτι
1235 1713 1271 1778 δέ
1294 1724 1336 1800 τῇ
1357 1717 1418 1796 μὲν

163 1811 248 1898 άλλη
269 1817 386 1901 κτήσει
409 1813 652 1896 καλλωπισμόν
674 1837 750 1879 τινα
767 1823 948 1902 προσεῖναι
962 1820 1018 1881 καί
1034 1816 1209 1903 διατριβήν
1224 1820 1417 1902 ήγούμενας,

116 1924 144 1978 11
161 1919 201 1981 τό
231 1915 267 1979 δὲ
297 1919 455 2002 ἀργύριον
484 1920 531 1992 ώς
560 1921 595 1980 έν
623 1919 818 2002 βραχυτάτῳ
845 1916 1083 2004 συνειληφέναι
1104 1922 1164 2004 τήν
1186 1926 1248 1980 τοῦ
1269 1915 1417 1980 πλούτου

163 2015 315 2099 δύναμιν.
356 2027 456 2082 τοῦτο
481 2020 538 2082 ούν
562 2017 677 2082 διώκει
697 2022 754 2082 καί
776 2016 872 2105 ζητεῖ
889 2022 1117 2100 πανταχόθεν,
1142 2017 1238 2081 ούδέν
1260 2041 1295 2081 τι
1316 2040 1416 2099 μετα·
1427 2023 1468 2086 95

165 2123 404 2206 στρεφόμενος,
429 2113 501 2183 οὔτ’
527 2123 558 2183 εί
579 2114 655 2203 μετ’
681 2124 840 2206 αίσχύνης
863 2115 935 2184 οὔτ’
961 2125 992 2184 εί
1013 2114 1089 2202 μετ>
1110 2118 1244 2196 ἀδικίας
1258 2122 1416 2202 γίγνοιτο,

164 2219 252 2308 πλήν
264 2224 344 2287 ὅσον
353 2224 415 2298 τάς
425 2220 582 2299 κολάσεις
593 2225 813 2308 ὑφορώμενος
823 2221 1005 2287 όδοιδόκων
1016 2216 1294 2309 [ἀσφαλέστερος]
1308 2218 1418 2305 δειλίᾳ

163 2325 364 2410 κρατηθείς,
391 2328 489 2400 κυνός
511 2327 677 2412 ἀχρήστου
699 2328 810 2412 ψυχήν
833 2328 934 2406 έχων,
962 2327 1004 2388 τά
1026 2328 1087 2406 μέν
1110 2321 1336 2410 ἁρπάζοντος,
1360 2324 1418 2386 ἐὰν

121 2432 146 2483 i)
164 2422 289 2510 έλπίση
314 2423 493 2512 λήσεσθαι,
516 2433 590 2503 τοῖς
613 2426 648 2490 δέ
671 2425 947 2510 ἐπεμβλέποντος
968 2429 1024 2490 καί
1046 2429 1186 2502 ἄκοντος
1209 2430 1418 2507 ἀπεχομένου

116 2532 154 2590 ⁵¹1)
168 2525 225 2591 διά
247 2530 327 2604 τούς
349 2530 578 2614 ἐφεστηκότας
601 2527 761 2615 φύλακας.
863 2532 950 2592 έστω
975 2527 1013 2614 δή
1037 2529 1161 2613 βραχύς
1183 2527 1279 2607 ίδεῖν,
1303 2527 1418 2591 δουλο-
1429 2531 1471 2594 96

166 2631 316 2715 πρεπής,
346 2632 532 2714 ἀγρυπνος,
563 2629 727 2694 οὐδέποτε
749 2629 906 2711 μειδιῶν,
936 2633 992 2693 ἀεί
1012 2651 1058 2711 τῳ
1084 2628 1342 2714 λοιδορούμενος
1363 2632 1420 2692 καὶ

165 2735 363 2812 μαχόμενος,
387 2730 608 2816 πορνοβοσκῷ
631 2730 780 2812 μάλιστα
804 2733 1015 2816 προσεοικώς
1037 2735 1076 2793 τό
1099 2754 1136 2794 τε
1159 2741 1267 2817 σχήμα
1290 2734 1346 2794 καί
1361 2734 1419 2793 τόν

165 2837 293 2918 τρόπον
316 2831 454 2896 ἀναιδεῖ
470 2837 527 2897 καὶ
547 2831 709 2918 γλίσχρῳ,
739 2835 871 2914 βαπτόν
894 2835 1115 2916 ἀμπεχομένῳ
1139 2835 1318 2916 τριβώνιον
1340 2840 1420 2913 μιᾶς

124 2942 257 3011 ύτινος
285 2943 352 2998 τῶν
381 2939 524 3020 ἑταιρῶν
548 2935 594 2998 ών
618 2936 724 3016 ἴσμεν,
748 2938 827 3011 τούς
850 2939 953 2998 αὑτοῦ
975 2933 1096 3022 φίλους
1118 2937 1233 2999 τεκαὶ
1255 2937 1419 3023 ἑταίρους,

166 3035 293 3117 μάλλον
310 3034 345 3100 δέ
363 3034 503 3113 δούλους
517 3040 574 3100 καλ
587 3041 758 3123 ὑπηρέτας
775 3035 974 3119 λωβώμενος
987 3039 1045 3100 καί
1058 3041 1289 3117 καταισχύνων
1305 3041 1417 3100 πάντα
1430 3039 1470 3102 97

167 3143 305 3225 τρόπον,
328 3142 386 3202 έάν
409 3161 445 3202 τε
468 3141 503 3201 έν
526 3137 665 3202 ίδιώτου
690 3142 834 3225 σχήματι
857 3136 941 3224 λάβη
957 3141 1052 3215 τινάς
1067 3143 1125 3202 έάν
1140 3161 1176 3202 τε
1192 3143 1227 3202 ἐν
1242 3137 1421 3221 βασιλέως.

167 3243 185 3328 ή
215 3244 253 3305 ού
280 3239 429 3317 πολλούς
451 3249 518 3303 τῶν
539 3239 753 3324 καλουμένων
775 3239 943 3322 βασιλέων
967 3239 1051 3304 ἰδεῖν
1075 3244 1149 3304 ἔστι
1170 3239 1344 3328 καπήλους
1365 3240 1471 3304 κα198

250 3449 449 3528 λάυέσθητοσ
467 3456 489 3510 P
508 3471 578 3511 corr.
597 3460 650 3524 (pr.
668 3471 702 3508 m.
722 3454 884 3515 ἀνέστιτοσ)
964 3459 979 3508 3
998 3448 1071 3524 πλὴν
1084 3444 1212 3511 δσουοΰ
1289 3447 1420 3526 σύμβολα

167 3541 236 3606 libri,
255 3540 441 3597 comReiske
492 3543 568 3597 ixai
580 3538 698 3596 δικαίωσ
709 3540 771 3606 (hoc
783 3540 851 3604 ord.)
868 3538 943 3595 UBV
996 3541 1011 3590 6
1023 3539 1198 3609 μαγνῖτινῐ]
1250 3539 1381 3610 φασινλῑ

168 3621 245 3700 κρὸσ
262 3618 352 3684 αύτδν
370 3621 423 3682 τὸν
439 3625 466 3681 V
519 3619 713 3698 1σήδηρονΡ
764 3627 813 3680 καὶ
825 3629 888 3678 ante
898 3617 1010 3695 χαλκὸν
1028 3623 1121 3678 om.P
1172 3619 1312 3696 μόλιβδον
1328 3625 1377 3680 UB

166 3716 213 3770 καί
230 3727 281 3782 pro
297 3706 354 3769 κάν
370 3711 397 3767 U
450 3714 482 3764 10
499 3703 638 3782 ἀργυρίου
654 3709 730 3765 UBV
781 3707 1053 3780 συντεταγμένοσῑλ
1112 3712 1141 3762 11
1161 3711 1210 3764 καί
1227 3706 1420 3765 δαπανώτατα

167 3796 227 3853 libri
279 3798 450 3869 προβαίνων
461 3798 510 3852 καί
521 3791 644 3866 φθάνων
654 3794 725 3859 libri,
743 3793 841 3849 exc.V
894 3797 925 3847 12
938 3788 1103 3866 σελήνησγε
1117 3786 1265 3849 δδοὺοΠΒ
1320 3797 1350 3845 13
1363 3797 1422 3849 τῶν

168 3881 257 3937 addidi
310 3885 343 3936 14
359 3873 595 3949 καλλοπισμὸνῑί
648 3883 678 3934 11
698 3874 765 3935 οὔτε
777 3877 804 3935 εί
813 3879 835 3932 Ρ
887 3881 1033 3951 γίγνοιντο
1045 3878 1096 3935 UB
1150 3880 1181 3932 18
1200 3871 1216 3932 ὁ
1235 3877 1266 3934 δὲ
1283 3872 1422 3950 δήδοκῶν

169 3966 237 4036 libri,
255 3980 326 4021 corr.
338 3965 417 4034 Emp.
471 3957 688 4036 ἀσφαλέστερος
698 3963 812 4018 seclusit
824 3963 897 4028 Wil.‚
909 3967 1022 4033 propter
1035 3957 1051 4021 ὁ
1064 3958 1096 4034 δὴ
1109 3964 1203 4020 δοκῶν
1214 3961 1421 4030 interpolatum

169 4048 285 4106 fortasse
303 4044 461 4107 δόοιόοκῶν
477 4042 662 4126 <άπο>όειλιηῑ
679 4048 768 4102 deleto
780 4050 933 4120 κρατηθείς
1005 4052 1037 4102 19
1049 4049 1206 4119 κρατηθείσ
1217 4049 1267 4102 καί
1278 4039 1424 4116 ἀχρήστου

169 4136 191 4190 Β
207 4138 365 4210 κρατηθείσ
381 4138 431 4191 καί
448 4127 645 4205 δχαρίστουῑλ
697 4126 885 4204 ἁρπάζοντοσ
899 4129 931 4188 έν
941 4129 1035 4188 ἐλπίσι
1053 4132 1079 4188 U
1131 4135 1163 4186 20
1175 4128 1423 4204 έπεβλέποντοσΡ

170 4218 380 4294 ἐπιβλέποντοσ
387 4219 463 4275 UBV
474 4216 592 4291 ἐπεμβλ,
604 4218 625 4273 G
678 4220 710 4271 25
723 4221 782 4272 τών
794 4213 935 4290 ἑτέρωνῨ
985 4219 1048 4284 post
1059 4212 1141 4285 ἴσμεν
1152 4215 1214 4271 libri
1225 4216 1294 4271 haec
1305 4214 1422 4270 addunt:

173 4294 220 4362 δάε
234 4298 287 4370 ‹w›
301 4303 398 4371 δὲΠΒ)
410 4305 521 4373 δαίμων
532 4297 656 4375 αἰσχρδσ
666 4305 716 4358 καὶ
725 4294 866 4373 ἀπρεπήσ,
878 4299 1042 4356 secludenda
1051 4301 1142 4368 potius
1151 4315 1233 4369 quam
1244 4315 1306 4354 cum
1313 4299 1423 4354 Reiskio

172 4388 386 4460 transponenda3
404 4378 460 4445 ὦδε
473 4382 490 4445 ύ
503 4392 555 4442 etc.
568 4387 643 4452 wil„
655 4387 702 4456 qui
714 4387 782 4441 haec
796 4385 912 4441 conexui
924 4383 1079 4439 necessaria
1090 4390 1169 4454 putat
1221 4379 1341 4457 ἑτέρουσ
1352 4385 1378 4440 V

174 4479 205 4529 16
222 4471 344 4534 δούλουσ
361 4493 393 4531 τε
409 4477 459 4530 καὶ
475 4474 525 4530 UB
582 4476 613 4526 21
632 4467 741 4528 ἰόιότου
758 4472 784 4526 U
834 4467 872 4528 άν
889 4489 921 4526 τε
937 4467 969 4526 ἐν
985 4469 1035 4525 UB
1053 4459 1105 4526 ἅτε
1122 4468 1195 4526 &vv
1252 4473 1285 4524 28
1304 4467 1425 4526 ἐστινῑλ
