3068 5160
196 334 257 393 262
659 332 780 388 DIONIS
798 331 987 388 RHODIAGA

197 511 283 595 πρδς
305 511 408 589 ὑμᾶς,
439 511 526 570 ὥστε
549 510 608 594 την
638 505 740 570 πόλιν
764 510 901 568 ἀπασαν
932 509 1111 592 ἱερωτέραν
1134 512 1246 592 κρῖναι
1268 513 1336 568 τῶν
1366 507 1469 588 πρώ·

119 615 179 677 149
194 633 261 673 των
285 614 392 696 ἱερῶν.
439 609 511 671 ἴστε
533 610 595 693 γάρ
614 601 786 694 ’Ἀκρατον
810 612 945 685 ἐκεῖνον,
969 610 1006 683 δς
1028 611 1088 694 την
1112 611 1309 694 οἰκουμένην
1337 605 1469 687 σχεδὸν

199 715 337 774 ἀπασαν
360 708 554 796 περιελθὼν
577 714 697 773 τούτου
716 715 816 796 χάριν
837 713 893 773 καί
906 708 992 795 μηδὲ
1007 714 1121 795 κώμην
1137 713 1258 796 παρείς
1275 707 1469 795 μηδεμίαν,

198 817 244 889 ὡς
266 811 417 876 κάνθάδε
444 813 510 899 ηκε.
564 810 782 893 λυπουμένων
806 806 839 876 δ’
871 817 980 893 ὑμῶν,
1010 816 1094 897 ὅπερ
1124 816 1228 890 είκός,
1258 813 1344 874 κατά
1371 813 1470 875 θέαν

197 918 263 1001 ἔφη
294 921 469 999 παρεῖναι·
505 912 589 1000 μηδὲ
626 917 687 1001 γάρ
721 918 807 996 ἐχειν
836 914 992 994 ἐξουσίαν
1021 913 1165 999 μηδενός
1194 916 1363 997 ἅψασθαι
1396 922 1508 979 τῶν5

196 1015 331 1080 ἐνθάδε.
391 1025 569 1103 τοιγαροῦν
600 1015 675 1096 δίχα
703 1025 766 1078 τοῦ
791 1026 907 1081 κοινοῦ
933 1027 993 1103 τῆς
1022 1019 1137 1099 ὄψεως
1164 1020 1290 1097 κόσμου
1320 1019 1383 1080 καί
1410 1015 1470 1078 δό-

198 1117 257 1198 ξαν
280 1122 357 1200 ὑμῖν
380 1123 496 1203 ἑτέραν
520 1125 702 1204 περιποιεῖ
719 1123 756 1182 τό
780 1127 847 1182 τῶν
870 1123 1007 1182 είκόνων
1030 1118 1177 1206 πλῆθος.
1215 1127 1273 1204 τῆς
1288 1119 1353 1202 γάρ
1372 1121 1471 1201 πρὸς
1523 1125 1525 1128 ’

197 1224 276 1296 τοὺς
297 1226 500 1306 ἡγουμένους
524 1218 642 1306 φιλίας
664 1223 720 1284 καί
742 1231 801 1307 τῆς
824 1214 909 1306 παρ’
935 1223 1069 1284 ἐκείνων
1086 1224 1251 1306 ἐντροπῆς
1274 1217 1470 1297 ἀπόδειξις

121 1326 181 1388 150
199 1326 358 1410 φαίνεται
379 1330 494 1384 ταῦτα.
582 1322 655 1385 εἶτα
679 1315 839 1403 Ῥωμαῖοι
859 1326 921 1404 μέν
948 1327 1005 1386 καί
1027 1327 1146 1407 Νέρων
1176 1324 1262 1384 οὑτω
1291 1322 1334 1382 τά
1370 1317 1465 1406 παρ’

46 1413 48 1417 ⁴
197 1428 276 1505 ὑμῖν
298 1426 463 1509 ἐτήρησαν
485 1426 542 1486 καί
565 1426 668 1504 σεμνά
692 1427 840 1509 ἔκριναν·
863 1428 958 1506 ὑμεῖς
982 1424 1017 1487 δὲ
1042 1426 1079 1486 οὑ
1105 1421 1268 1510 φυλάξετε
1275 1445 1286 1499 ,·
1309 1424 1371 1485 καί
1396 1427 1469 1486 Νέ·
1492 1439 1520 1490 10

198 1547 265 1610 ρων
287 1528 348 1604 μὲν
372 1528 390 1587 ὑ
412 1533 479 1588 τῶν
508 1525 677 1607 βασιλέων
707 1525 942 1613 σφοδρότατος
963 1530 1019 1590 καί
1041 1524 1203 1589 πλεῖστον
1226 1524 1315 1608 αὑτηί
1341 1523 1469 1603 διδοὺς

197 1630 253 1691 καί
276 1630 363 1712 πρὸς
386 1630 523 1690 ἀπασαν
546 1625 703 1705 ἐξουσίαν
726 1622 831 1692 πάντ’
856 1628 983 1692 ἐλάττω
1002 1630 1185 1709 νενομικὼς
1208 1626 1344 1703 οὑδενδς
1360 1631 1469 1715 ἀφεί-

199 1727 274 1793 λετο
303 1733 363 1816 την
392 1732 503 1792 είκόνα
526 1738 593 1792 τῶν
616 1732 711 1815 παρά
740 1734 858 1811 μόνοις
876 1724 1017 1806 Ῥοδίοις
1039 1732 1271 1815 τιμηθέντων·
1301 1731 1406 1794 αὐτοί
1431 1725 1465 1794 δ’

199 1834 294 1914 ὑμεῖς
323 1833 552 1917 ἀφαιρεῖσθε;
583 1829 650 1915 [καί
679 1831 777 1915 πόσῳ
806 1839 956 1917 κρεῖττον
985 1830 1024 1917 ἦν
1052 1829 1203 1895 κάνθάδε
1232 1833 1333 1894 ταὺτδ
1366 1853 1468 1916 γεγο-

198 1939 309 2010 νέναι,·
331 1935 425 2019 παρά
454 1937 515 2015 μὲν
543 1935 605 2019 γάρ
629 1940 702 2009 τοῖς
725 1932 841 2010 ἀλλοις
863 1939 956 2014 μένει
978 1935 1019 1996 τά
1049 1941 1115 1996 τῶν
1144 1934 1361 2018 τιμηθέντων
1389 1938 1468 1998 ἀνό-
1491 1949 1517 2000 1⁵

197 2059 288 2116 ματα
310 2039 367 2099 καί
388 2037 449 2111 τάς
472 2037 667 2121 ἐπιγραφάς
690 2033 799 2110 οὐδεὶς
821 2038 861 2097 ἀν
884 2033 1127 2118 ἀπαλείψειεν·
1150 2038 1245 2116 ὑμεῖς
1279 2027 1312 2097 δ’
1340 2037 1466 2123 ὥσπερ
1482 2056 1524 2105 (ατε

119 2142 176 2204 151
194 2143 294 2201 κακόν
317 2160 352 2201 τι
382 2140 601 2213 πεπονθότες
629 2129 691 2200 ὑπ’
726 2139 835 2199 αὑτῶν
863 2132 1101 2222 ἐκχαράττετε]
1145 2140 1257 2200 καίτοι
1288 2140 1377 2223 φαίη
1412 2161 1467 2214 τις

198 2243 249 2318 ἀν,
274 2242 304 2302 εί
325 2242 382 2302 καί
404 2241 498 2324 παρά
521 2247 588 2302 τῶν
610 2237 779 2321 βασιλέων
803 2242 995 2325 ἀνῃροῦντο,
1018 2237 1103 2325 μηδὲ
1128 2242 1235 2314 οὕτως
1258 2236 1468 2304 ἀδικεῖσθαι

197 2343 276 2415 τοὺς
298 2338 433 2423 ἀνδρας.
480 2343 517 2402 οὑ
540 2342 602 2425 γάρ
627 2343 673 2415 ὡς
696 2338 862 2417 δώσοντες
884 2347 1023 2426 ἑτέροις,
1045 2338 1131 2403 ἀλλά
1152 2345 1279 2422 κόσμου
1303 2338 1469 2422 δεόμενοι

197 2446 393 2526 μετέφερον,
419 2433 502 2502 ὥστ’
529 2439 639 2515 οὐδείς
662 2443 702 2503 ἀν
725 2443 834 2505 αὐτῶν
850 2442 978 2528 ἀφῄρει
993 2447 1030 2506 τό
1048 2445 1164 2524 ὄνομα,
1189 2435 1263 2506 οὐδ’
1290 2445 1335 2506 αὑ
1345 2452 1468 2531 χεῖρον
1490 2463 1518 2513 111

199 2540 414 2629 ἀπήλλαττον
444 2545 519 2606 ἀντί
547 2545 717 2628 Μεγάρων
747 2546 803 2606 καί
828 2536 1029 2629 Ἐπιδαύρου
1067 2548 1123 2609 καὶ
1151 2555 1210 2632 τῆς
1235 2538 1414 2631 Ἀνδρίων
1444 2551 1464 2634 ἢ

199 2647 382 2708 Μυκονίων
423 2647 547 2730 ἀγοράς
582 2648 617 2707 ἐν
652 2650 726 2721 τοῖς
756 2638 927 2726 Ῥωμαίων
964 2649 1069 2732 ἱεροῖς
1110 2650 1331 2728 ἀνακείμενοι.
1400 2653 1465 2713 κάν

200 2740 296 2810 ταῦτ’
322 2749 396 2832 ἀφῇ
417 2769 486 2825 τις,
516 2745 649 2828 βέλτιον
676 2745 716 2832 ἦν
738 2752 777 2810 τό
800 2768 836 2831 γε
857 2741 941 2811 καθ’
968 2751 1051 2830 ὑμᾶς
1076 2751 1182 2825 οὑτως
1205 2751 1313 2812 αὐτῶν
1334 2752 1461 2835 ἠφανί-

202 2850 289 2910 σθαι
318 2850 379 2923 τάς
401 2850 519 2940 τιμάς.
572 2847 668 2911 οὐδὲν
696 2851 758 2934 γάρ
789 2854 935 2938 ὑπῆρχεν
965 2855 1145 2937 άμάρτημα
1174 2854 1350 2938 ὑμέτερον,
1378 2845 1459 2915 οὐδ’

201 2951 297 3012 αὑτοί
313 2953 391 3024 τοὺς
407 2951 581 3033 εὐεργέτας
603 2951 643 3012 ἀν
659 2954 738 3026 τοὺς
754 2956 881 3016 ἑαυτῶν
897 2952 1041 3038 ηδικεῖτε
1056 2957 1113 3018 καί
1128 2957 1207 3029 τοὺς
1222 2957 1345 3039 ἥρωας,
1369 2945 1463 3035 ἀλλ’,
1488 2970 1518 3021 21

201 3050 297 3135 εἴπερ
321 3053 397 3135 ἀρα,
423 3049 659 3137 συνηδικεῖσθε
683 3055 807 3129 αὑτοῖς.

121 3159 181 3220 152
282 3154 338 3215 καί
359 3155 424 3238 μην
447 3152 483 3215 εἴ
505 3175 558 3229 τις
580 3156 672 3234 ὑμῶν
703 3157 871 3232 πύθοιτο,
902 3158 933 3218 εί
960 3158 1016 3219 καί
1045 3153 1137 3234 δόξει
1165 3155 1396 3243 γελοιότερον,
1429 3164 1465 3223 τί

284 3385 363 3446 θείσ
381 3408 412 3445 τε
431 3383 487 3460 γὰρ
505 3387 585 3444 UBM
688 3385 763 3459 ἀκρα
789 3395 847 3447 ταῖν
869 3388 931 3447 ἐκεῖ
951 3386 1047 3460 μόνοσ
1070 3387 1123 3463 τὴν
1145 3386 1232 3449 1]Βά
1257 3395 1376 3465 κρατῶν
1402 3390 1467 3452 ἐκεῖ

198 3470 294 3544 μόνοσ
311 3471 363 3545 τὴν
379 3474 409 3527 Μ
427 3466 445 3530 ἀ
463 3477 581 3545 κρατῶν
598 3462 649 3544 ἧκε
665 3469 762 3544 μόνοσ
779 3472 830 3549 τὴν
848 3476 880 3541 Τ,
901 3493 971 3532 corr.
990 3476 1116 3531 Valesius
1195 3480 1210 3530 3
1229 3470 1303 3551 παρ’
1321 3467 1359 3549 ἧσ
1376 3477 1410 3533 Μ

200 3556 304 3617 8τοὺσ
321 3554 509 3632 ἢγεμὺνασΤ
579 3561 633 3630 τῆσ
650 3553 723 3632 παρ’
741 3557 882 3636 έκείνῳΒ
968 3563 1094 3618 9ταῦτα
1110 3560 1141 3614 Μ
1158 3560 1187 3616 in
1204 3577 1271 3630 mrg.
1360 3554 1463 3624 οὑτωσ

197 3645 248 3702 UT
319 3648 349 3700 12
367 3640 486 3702 ἅπασαν
504 3650 673 3713 borruptum3
692 3643 802 3712 Pflugk:
821 3647 955 3716 πλείστην
973 3640 1052 3720 αὑτῷ
1069 3641 1161 3712 διδοὺς
1177 3649 1226 3702 καί
1246 3642 1322 3719 πρὸς
1339 3637 1462 3708 ἅπαντα

198 3730 340 3797 ἐξουσίαν.
358 3729 421 3785 fort.
440 3725 515 3799 πρὸς
533 3722 694 3786 ἀπόλαυσιν
711 3727 842 3795 ἐξουσίας
929 3735 960 3784 13
978 3731 1008 3788 δὲ
1024 3729 1074 3786 BT
1181 3736 1213 3785 14
1231 3725 1388 3800 ἀφελεῖσθε
1408 3735 1464 3792 00·

198 3815 279 3870 betus
347 3807 527 3871 κάνθένδεΤ
596 3805 705 3870 ταὺτδν
722 3812 791 3878 libri,
810 3829 880 3868 corr.
899 3814 980 3869 Dind.
1050 3819 1099 3872 καί
1118 3811 1204 3892 κόσῳ
1217 3847 1247 3859 -
1261 3813 1463 3890 ἐκχαράττετε

199 3899 308 3968 εευίαείς
328 3898 440 3953 eandem
457 3897 619 3954 sententiam
636 3897 778 3965 sequentia
795 3898 948 3967 exprimunt
965 3899 1000 3954 cf.
1013 3901 1031 3955 1.
1045 3905 1076 3955 20
1134 3905 1165 3956 16
1183 3896 1355 3974 άκολίψειεν
1373 3904 1405 3959 Μ

201 3990 230 4038 11
244 4004 270 4040 τι
282 3978 375 4039 κακὸν
393 3983 453 4048 (hoc
471 3981 577 4049 ord.)T
628 3978 834 4055 ἐκχαράττεται
846 3983 901 4038 ΒΜ
918 3984 956 4052 (iu
973 3989 1037 4052 ras.)
1093 3989 1123 4040 18
1142 3985 1186 4043 εἰσ
1197 4003 1248 4055 pro
1261 3987 1328 4045 είΜ
1380 3987 1462 4058 μετὰ

198 4084 248 4137 pro
267 4063 346 4139 παρὰ
365 4068 395 4122 Μ
413 4072 489 4134 (mrg.
507 4067 589 4134 vulg.)
663 4067 732 4139 μηδὲ
748 4068 820 4135 libri,
838 4084 908 4124 corr.
927 4070 1007 4140 Emp.
1095 4077 1125 4126 21
1147 4066 1288 4147 ἀνδρείων
1306 4073 1387 4129 UBM

199 4157 232 4208 22
249 4153 413 4225 μυκηναίων
430 4152 500 4218 libri,
519 4168 588 4208 corr.
609 4153 688 4222 Emp.
706 4152 863 4208 dubitanter
956 4150 1106 4214 κάνταῦθα
1125 4161 1166 4229 φῇ
1183 4177 1229 4215 τισ
1247 4159 1277 4213 Μ
1293 4162 1345 4216 καί
1363 4165 1461 4220 ταῦτα

199 4243 240 4310 φῇ
257 4258 302 4296 τισ
319 4239 342 4292 Β
360 4242 449 4296 ταῦτα
468 4240 518 4309 φῆι
536 4257 582 4294 τισ
600 4239 648 4293 UT
735 4242 766 4293 23
785 4228 820 4309 ἦν
837 4239 934 4308 scripsi
950 4256 1000 4310 pro
1023 4236 1053 4312 ἢ;
1078 4237 1096 4313 ἢ
1114 4242 1222 4298 delebat
1239 4245 1387 4313 Emporias

200 4327 231 4377 25
251 4319 359 4381 αὑτοὺσ
383 4340 433 4394 pro
456 4319 493 4380 ἀν
518 4319 589 4381 roba
610 4323 687 4388 iibri,
710 4337 778 4379 corr.
802 4323 882 4394 Emp.
986 4320 1121 4396 ήόικεῖται
1143 4327 1174 4381 Μ
1259 4324 1331 4387 ἀλλά
1354 4332 1385 4385 Μ

198 4412 231 4463 16
249 4413 457 4480 συνηδικεῖσθαι
469 4409 507 4477 Μ,
526 4409 597 4464 unde
610 4413 803 4481 συνηδικεῖσθε
815 4410 996 4477 scribendum,
1013 4419 1044 4466 ut
1055 4411 1107 4466 iam
1118 4412 1250 4481 Cobetus3
1267 4418 1461 4489 συνηδίκησθε

198 4494 281 4548 ceteri
