3068 5160
187 301 248 360 236
643 299 767 355 DIONIS
785 299 975 356 RHODIAOA

187 480 207 537 ά
231 478 292 561 γάρ
315 474 399 561 μηδὲ
424 480 496 550 τοῖς
520 473 680 556 λαβοῦσιν
704 471 833 551 ἔξεστιν
850 471 989 551 ἀνελεῖν,
1012 470 1102 559 ήπου
1118 494 1154 555 γε
1169 479 1242 548 τοῖς
1258 469 1454 536 δεδωκόσιν
1472 489 1531 538 (εει

137 584 176 643 57
188 576 313 655 έξεῖναι
337 579 519 662 προσήκει,·
642 573 794 638 καθόλου
819 574 853 638 δέ
884 572 995 650 άλλως
1018 577 1120 657 ίγωγε
1144 573 1330 661 φιλονικεῖν
1355 574 1459 637 ἔοικα

188 681 275 764 πρὸς
297 681 354 740 τδν
378 681 519 740 εἰπόντα
544 676 582 763 δή
608 680 654 752 ὡς
676 687 735 763 τής
759 676 892 753 πόλεως
915 680 1040 753 πάντες
1063 681 1148 741 εἰσίν
1176 681 1209 740 οί
1239 674 1457 761 ἀνδριάντες.

187 783 264 844 έπεί
285 785 385 842 τοῦτό
407 801 442 862 γε
467 781 570 842 οὐθέν
593 782 667 841 έστι
691 784 829 864 σημεῖον
853 782 899 853 ὡς
923 781 980 840 οδκ
1003 781 1095 842 ἔστιν
1122 782 1252 842 ἀτοπον
1275 781 1313 840 τδ
1338 782 1458 860 γιγνό-

186 903 296 962 μενον.
341 883 382 944 τά
405 891 483 965 γοῦν
512 885 547 944 έν
577 887 650 956 τοῖς
681 883 785 966 ἱεροῖς
814 882 1036 967 ἀναθήματα,
1067 884 1088 942 ά
1117 883 1403 943 κατασκευάσασα
1436 885 1458 966 ή
1483 895 1497 943 5

189 982 290 1059 πόλις
312 988 347 1046 ἐκ
369 992 436 1047 τῶν
460 983 556 1047 ἰδίων
580 984 808 1061 ἀνατέθεικεν,
834 985 891 1044 οὐκ
909 985 949 1045 ἀν
966 981 1076 1057 οὐδείς
1092 984 1388 1069 ἀμφισβητήσειεν
1409 985 1462 1059 ὡς

189 1088 226 1147 οδ
251 1084 397 1172 δημόσιά
422 1090 523 1149 ἐστιν.
563 1077 618 1170 ἀρ’
646 1086 703 1147 οὖν
727 1087 800 1165 οδχί
823 1083 942 1162 δεινόν,
967 1088 997 1148 εἰ
1012 1086 1296 1171 καταχρησόμεθα
1312 1087 1462 1161 τούτοις

189 1191 276 1273 πρὸς
299 1185 380 1250 ἀλλο
404 1211 438 1250 τι
445 1211 456 1264 ,·
479 1191 516 1274 νή
533 1190 613 1265 Δία,
637 1195 742 1248 ταῦτα
760 1190 823 1271 γάρ
840 1190 932 1249 ἐστιν
949 1189 1163 1272 ἀναθήματα.
1203 1189 1240 1248 αἰ
1263 1179 1295 1248 δ’
1322 1188 1463 1264 εἰκόνες

187 1292 299 1371 τιμαί·
326 1293 459 1352 κάκεῖνα
485 1289 621 1353 δέδοται
643 1295 716 1364 τοῖς
738 1291 848 1366 θεοῖς,
871 1297 976 1351 ταῦτα
1001 1287 1036 1351 δέ
1059 1295 1132 1364 τοῖς
1155 1290 1303 1372 ἀγαθοῖς
1326 1287 1460 1374 ἀνδρά-

138 1396 177 1458 58
191 1409 254 1468 σιν,
279 1393 377 1476 οἷπερ
401 1394 488 1454 εἰσίν
510 1394 646 1474 ἔγγιστα
670 1393 788 1454 αὐτῶν.
826 1392 939 1453 καίτοι
960 1393 1016 1453 καί
1038 1389 1219 1477 θεοφιλεῖς
1242 1394 1395 1466 άπαντες
1424 1393 1462 1453 οί
1486 1401 1512 1452 lo

187 1495 328 1577 χρηστοί
351 1491 504 1574 λέγονται
525 1495 581 1555 καί
603 1495 699 1555 εἰσίν.
745 1492 818 1555 εἶτα
840 1498 929 1578 ήμοῖς
950 1496 1011 1573 μέν
1041 1495 1099 1573 οὐχ
1129 1497 1147 1555 δ
1174 1501 1241 1556 τῶν
1269 1496 1460 1577 κτημάτων

189 1615 223 1655 τι
246 1601 313 1656 τῶν
335 1599 505 1680 ἡμετέρων
529 1597 798 1681 ἀφαιρούμενος,
826 1587 902 1656 ἀλλ’
929 1597 968 1657 ἂν
991 1597 1070 1669 τοδς
1094 1592 1215 1680 φίλους
1237 1592 1374 1680 βλάπτῃ
1400 1618 1462 1672 τις

190 1697 269 1771 τοδς
291 1701 472 1782 ήμετέρους
496 1695 609 1759 ἀδικεῖ
626 1695 673 1779 τη]
698 1699 801 1759 παντί
820 1695 940 1759 πλέον·
963 1701 1042 1772 τοάς
1059 1694 1096 1758 δέ
1110 1715 1146 1778 γε
1162 1697 1267 1772 θεοδς
1284 1699 1459 1782 φήσομεν,

189 1799 236 1872 ὡς
259 1800 357 1875 ἔοικε,
380 1805 447 1860 τῶν
472 1795 581 1884 φίλων
603 1796 731 1879 μᾶλλον
755 1796 930 1883 ὀλιγωρεῖν
952 1801 971 1884 ή
996 1807 1063 1861 τῶν
1084 1801 1284 1883 κτημάτων,·

274 1897 358 1961 ἀλλά
386 1904 497 1963 πάντα
526 1904 587 1982 μέν
617 1903 782 1986 προσήκει
810 1902 957 1982 βεβαίως
986 1903 1072 1981 ἔχειν
1101 1903 1180 1975 τοὺς
1207 1906 1456 1985 κτησαμένους,
1482 1912 1509 1963 15

188 2004 370 2065 καὶταῦτα
393 2006 428 2066 έν
452 2001 660 2089 δημοκρατίᾳ
681 2005 738 2066 καί
761 1997 845 2088 παρ’
873 2007 960 2084 ὑμῖν,
986 2005 1020 2066 οἰ
1033 2008 1192 2085 μέγιστον
1209 2008 1366 2088 φρονεῖτε
1392 2008 1460 2069 έπί

189 2103 236 2186 τῴ
260 2107 410 2185 νομίμως
432 2108 488 2168 καί
511 2103 650 2180 δικαίως
673 2103 814 2169 διοικεῖν
836 2108 878 2168 τά
901 2098 986 2191 παρ’
1013 2110 1156 2181 ἑαυτοῖς,
1179 2102 1327 2185 μάλιστα
1345 2103 1383 2168 δέ
1402 2108 1457 2169 οἶ-

189 2228 252 2286 μαι
274 2207 335 2280 τάς
357 2208 458 2287 τιμάς
480 2210 536 2269 καί
558 2209 618 2281 τάς
638 2211 797 2292 χάριτας·
822 2211 859 2270 οδ
882 2212 995 2290 μόνον,
1019 2205 1137 2293 ἐπειδή
1157 2208 1273 2288 τὰμὲν
1290 2205 1378 2270 ἄλλα
1394 2212 1458 2273 καί

191 2305 320 2394 φαῦλος
343 2310 388 2369 ὢν
404 2329 457 2382 τις
473 2310 513 2370 ἀν
529 2310 609 2387 ἔχοι,
630 2312 795 2394 χρήματα,
821 2312 939 2388 οἰκίας,
963 2306 1173 2394 ἀνδράποδα,
1194 2312 1317 2393 χώρας,
1341 2318 1455 2373 ταῦτα

191 2408 226 2472 δὲ
249 2413 367 2490 μόνοις
389 2411 534 2494 ἀπάρχει
555 2415 629 2484 τοῖς
651 2412 854 2474 ἐπιεικέσιν·
878 2410 1035 2474 ἀλλὰκαὶ
1051 2403 1099 2473 δι’
1125 2414 1242 2489 έκεῖνο,
1266 2414 1319 2474 δτι
1341 2420 1454 2475 ταῦτα
1479 2422 1508 2473 20

189 2513 249 2591 μέν
272 2514 345 2573 ἔστι
367 2513 554 2597 κεκτῆσθαι
575 2514 632 2574 καί
656 2505 702 2574 δι’
725 2518 840 2599 ἐτέρου
856 2518 995 2598 τρόπου,
1018 2511 1315 2599 κληρονομήσαντα
1331 2515 1351 2599 ή
1369 2534 1454 2600 πρι-

141 2619 179 2678 59
192 2616 327 2694 άμενον·
350 2621 417 2676 τῶν
441 2612 476 2676 δὲ
500 2617 663 2677 τοιούτων
689 2613 744 2677 διά
767 2619 872 2701 μόνης
895 2617 1014 2702 ἀρετῆς
1029 2618 1122 2677 έστιν
1144 2620 1306 2702 ήκτήσις.
1394 2620 1455 2680 καί

190 2719 254 2802 μήν
278 2715 323 2778 ὧν
345 2721 383 2798 γε’
404 2738 457 2791 τις
479 2719 538 2802 τήν
561 2719 660 2802 τιμήν
682 2715 845 2797 κατέβαλε
867 2722 940 2792 τοῖς
962 2719 1109 2802 κυρίοις,
1137 2710 1210 2780 οὐδ’
1237 2718 1459 2803 ἀμφισβητεῖ

192 2817 366 2903 δήπουθεν
391 2816 500 2893 οὐδείς
523 2821 569 2892 ὡς
593 2819 631 2879 οδ
661 2815 792 2880 δικαιόν
821 2821 913 2881 έστιν
943 2817 1001 2882 έᾶν
1030 2820 1116 2898 ἔχειν
1149 2821 1265 2896 αὐτόν,
1294 2823 1448 2903 τοσούτῳ

189 2917 316 2998 μάλλον
342 2924 478 3005 δσφπερ
502 2922 542 2982 ἀν
565 2918 707 2982 πλείονα
730 2901 752 3005 ᾗ
776 2918 938 2995 δεδωκώς.
977 2923 1095 2984 οδκοάν
1111 2924 1260 2997 ἅπαντες
1280 2919 1374 2984 οὗτοι
1399 2919 1452 2984 δε-
1478 2933 1507 2984 25

190 3018 317 3083 δώκασι
347 3018 446 3106 τιμήν
476 3025 616 3096 έκαστος
638 3031 697 3108 τῆς
720 3024 849 3097 εἰκόνος
877 3031 936 3109 τῆς
962 3028 1099 3102 έαυτοιῖ,
1128 3027 1184 3088 καί
1213 3027 1337 3109 ταύτην
1370 3023 1450 3087 οὐδὲ

187 3125 336 3208 μετρίαν,
361 3125 394 3184 οἰ
416 3125 476 3203 μὲν
498 3125 700 3208 στρατηγίας
724 3122 882 3210 λαμπράς
897 3128 982 3211 ὑπὲρ
999 3135 1058 3212 τῆς
1074 3123 1217 3204 πόλεως,
1242 3129 1276 3188 οί
1292 3124 1327 3188 δέ
1344 3145 1449 3211 πρεσ-

189 3226 293 3304 βείας,
319 3227 352 3286 οἱ
375 3223 410 3287 δὲ
433 3227 490 3288 καί
511 3229 662 3310 τρόπαια
686 3229 756 3290 ἀπὸ
780 3234 847 3289 τῶν
871 3224 1055 3308 πολεμίων,
1080 3231 1114 3290 οἱ
1137 3226 1175 3290 δέ
1195 3249 1284 3302 τινες
1299 3229 1355 3290 καί
1367 3231 1448 3312 χρή-

188 3348 278 3406 ματα
308 3325 407 3404 ίσως,
438 3329 475 3388 οδ
506 3329 552 3408 μά
575 3331 645 3391 Δία
672 3327 785 3408 χιλίας
813 3322 962 3413 δραχμάς
986 3328 1062 3392 οὐδὲ
1086 3333 1325 3406 πεντακοσίας,
1357 3334 1447 3393 δσων

139 3429 281 3491 δθέστιν
304 3431 416 3492 εἰκόνα
443 3432 641 3517 άναστήσαι.
694 3433 730 3493 τί
759 3432 833 3507 οδν,·
869 3433 941 3511 οδχί
963 3436 1158 3512 νενόμισται
1186 3433 1279 3513 παρά
1308 3448 1344 3508 γε
1372 3436 1447 3503 τοῖς
1472 3444 1528 3495 30(

188 3534 231 3617 μή
264 3535 485 3595 παντάπασιν
516 3531 647 3607 ἀδίκοις
676 3535 735 3596 τὸν
765 3535 1058 3617 ἀποστερούμενόν
1089 3527 1193 3612 [τινος
1221 3522 1400 3614 κτήματος]
1426 3532 1444 3592 δ

189 3641 266 3714 γοῦν
288 3635 508 3696 κατατέθεικε
530 3631 736 3715 κομίζεσθαι
759 3635 852 3720 παρά
875 3641 942 3695 τῶν
966 3630 1154 3717 εἰληφότων
1161 3654 1173 3707 ,·
1202 3623 1258 3716 ἀρ’
1286 3631 1342 3693 οὖν
1366 3633 1445 3694 ἑθέ-

191 3724 276 3796 λοιτ’
303 3738 343 3798 ἀν
367 3735 558 3799 ἀποδοῦναι
580 3739 641 3811 τάς
668 3741 825 3821 χάριτας,
855 3725 939 3796 ἀνθ’
972 3731 1016 3795 ὧν
1046 3735 1274 3818 ἐψηφίσασθε
1304 3736 1447 3810 ἐκείνοις

275 3957 480 4025 ἰφιλονεικεῖν
498 3954 562 4008 libri
613 3949 693 4008 4ένιί
710 3965 759 4018 pro
778 3946 869 4004 έπείν
922 3950 1004 4005 δκαί
1021 3945 1054 4006 έκ
1072 3949 1177 4005 τῶνδε
1230 3946 1449 4024 ῖκαταχρησυί·

188 4039 298 4106 μεθαΒ
350 4039 704 4110 ωαίἰοικαταχρησαίμεθα
756 4033 947 4090 9κάκεῖναιΒ
1000 4033 1172 4090 scribendum
1183 4029 1303 4094 κάκεῖνα
1312 4036 1395 4107 (μὲν)

192 4129 221 4177 10
258 4121 379 4197 εἰπερΒ
437 4129 468 4178 12
487 4119 552 4181 ἀλλ’
571 4119 608 4181 δν
624 4119 728 4188 scripsi,
746 4111 818 4176 ἀλλὰ
837 4113 893 4175 κάν
910 4119 974 4174 libri
1025 4139 1052 4176 τι
1069 4135 1119 4189 pro
1138 4141 1180 4187 τις
1197 4122 1244 4176 Mv
1305 4127 1336 4175 14
1356 4113 1450 4192 ὀλιγο-

190 4209 308 4279 ρεῖνΜτ
363 4213 426 4278 post
443 4205 596 4281 κτημάτων
613 4219 702 4274 pauca
714 4203 846 4259 excidisse
864 4205 989 4275 suspicor
1043 4210 1073 4260 19
1091 4209 1186 4280 χωρία
1206 4207 1308 4261 conieci
1361 4208 1394 4257 24
1412 4201 1450 4262 ἀν

189 4288 429 4361 ρτοίἀνΜέάνν
477 4297 510 4348 28
521 4289 653 4367 χρήματα
667 4285 734 4355 ἴσως
746 4285 1074 4361 <πάμπολλα>δεείδεεο
1122 4295 1154 4345 29
1165 4290 1318 4362 χειλίασΜ
1365 4294 1451 4362 δραγ-

188 4371 288 4442 μδισΒ
351 4368 424 4434 ὅσον
442 4373 519 4435 ἔστιν
537 4377 585 4431 ΒΕ
650 4372 764 4442 εἰκόνας
781 4375 852 4442 libri,
871 4392 939 4433 corr.
958 4376 1022 4432 Wil.
1076 4379 1105 4429 31
1126 4396 1204 4442 τινος
1220 4371 1366 4446 κτήματος
1383 4374 1450 4428 mihi

190 4467 317 4531 suspecta
387 4466 419 4516 32
438 4461 643 4519 κατατέθεικεν
661 4462 716 4531 Μν,
733 4462 892 4533 κατέθηκεν
910 4461 933 4515 Β
951 4460 1093 4532 κατέθηκε
1110 4461 1135 4513 Ε
1203 4462 1236 4514 33
1254 4457 1386 4517 έκείνουσ
1403 4460 1450 4514 Μν
