3068 5160
594 342 600 351 .
618 302 754 360 ORATIO
771 304 820 360 XI.
1290 303 1349 363 153

94 484 278 565 ψεύσματά
302 482 376 541 ἐστι
397 487 464 542 τῶν
487 481 567 564 περὶ
588 482 667 554 τούς
695 482 815 555 θεούς·
846 481 966 541 ἔπειτα
989 473 1158 562 ὠφέλειάν
1184 499 1259 540 τινα
1284 478 1351 559 εἶχε

94 591 168 660 τοῖς
191 587 268 646 τότε
284 575 455 666 Ἕλλησιν,
484 584 578 655 ὅπως
600 584 644 667 μη
669 583 935 667 θορυβηθῶσιν,
958 580 1016 642 έάν
1039 577 1177 666 γένηται
1201 577 1350 661 πόλεμος

96 675 213 760 αὐτοῖς
236 687 323 769 πρός
346 686 425 758 τούς
447 686 483 745 ἑκ
504 692 564 768 τῆς
576 674 714 761 Ἀσίας,
739 685 854 768 ὥσπερ
877 685 934 745 καὶ
949 680 1189 766 προσεδοκᾶτο.
1228 677 1349 763 άνεμέ-

98 806 200 873 σητον
223 784 258 849 δὲ
274 779 413 872 Ἕλληνα
439 789 519 848 όντα
542 787 621 860 τούς
643 790 765 848 ἑαυτοῦ
779 788 891 847 πάντα
907 787 1035 867 τρόπον
1051 782 1205 869 ὠφελεῖν.
1250 794 1350 848 τούτο
1370 787 1430 850 148
1453 842 1457 844 ,

58 901 73 950 5
96 888 132 952 δέ
155 891 193 951 τὸ
218 891 432 973 στρατήγημα
455 888 549 972 παρά
573 884 716 963 πολλοῖς
738 890 840 950 ἑστιν.
889 888 956 968 έγὼ
979 894 1057 967 γούν
1080 884 1202 971 ἀνδρὸς
1224 889 1350 972 ἥκουσα

95 989 219 1076 Μήδου
237 987 394 1072 λέγοντος
417 993 470 1052 ὅτι
494 982 591 1052 ούδέν
616 989 837 1072 ὁμολογοῦσιν
863 991 896 1050 οἱ
910 980 1049 1073 Πέρσαι
1070 996 1137 1051 τῶν
1161 991 1255 1073 παρὰ
1278 997 1351 1066 τοῖς

86 1087 252 1177 Ἕλλησιν,
276 1089 360 1153 ἀλλά
376 1094 523 1176 Δαρεῖον
538 1089 603 1171 μέν
627 1110 733 1177 φασιν
749 1095 809 1156 ἐπὶ
825 1088 940 1168 Νάξον
955 1094 1011 1153 καί
1022 1083 1192 1175 Ἐρέτριαν
1208 1090 1351 1174 πέμψαι

94 1197 174 1269 τούς
202 1197 282 1278 περὶ
304 1197 410 1256 Δᾶτιν
432 1197 489 1256 καὶ
507 1185 767 1282 Ἀρταφέρνην,
793 1198 965 1269 κάκείνους
988 1191 1125 1267 ἑλόντας
1148 1194 1208 1269 τάς
1232 1192 1351 1271 πόλεις

95 1295 291 1383 ἀφικέσθαι
308 1298 401 1381 παρά
416 1294 572 1377 βασιλέα.
619 1299 812 1380 ὁρμούντων
835 1297 870 1361 δέ
895 1291 1005 1360 αὐτῶν
1028 1297 1108 1379 περὶ
1129 1297 1188 1380 την
1204 1297 1350 1378 Εὔβοιαν

45 1409 74 1460 10
96 1396 212 1481 όλίγας
235 1407 314 1473 ναῖς
338 1397 645 1484 ἀποσκεδασθῆναι
667 1401 754 1482 πρός
777 1401 836 1484 την
855 1391 1034 1482 Ἀττικήν,
1059 1390 1097 1458 ού
1122 1395 1261 1474 πλείους
1283 1407 1350 1462 τῶν

10 1514 83 1567 mli)
97 1500 222 1578 εἴκοσι,
244 1503 300 1562 καὶ
322 1503 485 1583 γενέσθαι
507 1502 582 1564 τινά
605 1503 712 1585 μάχην
735 1505 809 1574 τοῖς
831 1503 970 1573 ναύταις
993 1502 1080 1585 πρός
1102 1502 1181 1575 τούς
1204 1501 1350 1564 αὐτόθεν

97 1606 132 1665 ἑκ
154 1611 216 1664 τού
236 1606 354 1664 τόπου.
399 1604 483 1683 μετὰ
515 1601 550 1664 δέ
580 1611 684 1665 ταῦτα
706 1598 836 1687 Ξέρξην
865 1603 925 1664 ἐπί
952 1604 1012 1687 την
1031 1593 1169 1664 Ἐλλάδα
1194 1607 1351 1691 στρατεύ-
1370 1605 1429 1667 149

99 1723 203 1767 σαντα
219 1702 515 1784 Λακεδαιμονίους
530 1707 591 1785 μέν
610 1713 744 1791 νικῆσαι
768 1705 848 1788 περί
862 1700 1088 1787 Θερμοπύλας
1102 1707 1159 1767 καί
1173 1709 1231 1767 τόν
1253 1708 1351 1787 βασι-

99 1806 156 1870 λέα
188 1809 297 1869 αὐτῶν
327 1809 527 1869 ἀποκτεῖναι
550 1805 746 1892 Λεωνίδην,
776 1809 836 1892 τὴν
864 1803 899 1867 δέ
928 1814 994 1868 τῶν
1014 1799 1219 1892 Ἀθηναίων
1249 1807 1351 1871 πόλιν

46 1919 74 1970 15
97 1907 215 1972 ἑλόντα
230 1912 460 1991 κατασκάψαι,
476 1911 532 1971 καὶ
547 1913 624 1971 ύσοι
638 1912 681 1995 μη
699 1907 858 1993 διέφυγον
875 1905 1211 1992 ἀνδραποδίσασθαι.
1245 1919 1350 1972 ταῦτα

98 2011 134 2075 δέ
157 2015 349 2098 ποιήσαντα
371 2013 428 2074 καί
455 2015 582 2097 φόρους
611 2013 779 2074 ἐπιθέντα
809 2016 882 2086 τοῖς
897 2002 1050 2096 Ἕλλησιν
1073 2014 1122 2087 είς
1144 2014 1203 2097 την
1222 2004 1351 2074 Ἀσίαν

98 2112 275 2176 ἀπελθεῖν.
321 2116 456 2193 ὅτιμὲν
488 2113 545 2175 οὖν
575 2111 684 2199 ψευδῆ
715 2117 819 2175 ταύτά
850 2117 942 2176 έστιν
973 2115 1030 2175 ούκ
1059 2111 1201 2198 άδηλον,
1231 2117 1284 2176 ότι
1314 2112 1349 2176 δὲ

98 2219 188 2291 είκύς
209 2214 248 2301 ἦν
270 2218 328 2278 τόν
350 2213 493 2297 βασιλέα
515 2214 669 2280 κελεύσαι
700 2224 903 2300 στρατεῦσαι
931 2221 1004 2290 τοῖς
1034 2218 1103 2278 άνω
1132 2217 1270 2278 ἔθνεσιν
1294 2217 1351 2278 ούκ

99 2315 279 2394 ἀδύνατον,
311 2320 364 2380 ἵνα
391 2320 434 2404 μη
465 2319 672 2403 θορυβῶσιν.
725 2320 755 2379 εί
785 2315 823 2404 δη
853 2311 1071 2403 καίὍμηρος
1098 2319 1212 2380 ε’ποίει
1240 2326 1350 2396 τούτο,

46 2430 75 2481 20
100 2423 354 2502 συγγιγνώσκειν
377 2417 482 2496 ἀξιον.

185 2521 268 2597 ἴσως
291 2523 330 2584 ἀν
348 2523 405 2584 σύν
421 2522 517 2585 εἴποι
531 2545 584 2598 τις
600 2524 751 2607 ἀνήκοος,
779 2521 846 2585 Ούκ
863 2515 1146 2608 όρθῶςἝλληνας
1160 2525 1350 2610 καθαιρεῖς.
1372 2524 1432 2585 150

98 2617 175 2686 ἀλλ’
202 2623 297 2687 ούδέν
320 2627 412 2687 ἔστιν
435 2627 487 2687 έτι
509 2633 678 2703 τοιοῦτον,
710 2623 785 2687 ούδδ
809 2626 882 2686 ἔστι
915 2623 991 2700 δέος
1013 2627 1058 2709 μή
1082 2645 1167 2688 ποτε
1189 2629 1351 2710 έπιστρα·

97 2729 284 2790 τεύσωνται
313 2729 372 2789 ἐπὶ
401 2730 460 2813 την
486 2720 623 2790 Ἑλλάδα
654 2735 720 2789 τῶν
749 2729 785 2788 ἐκ
812 2735 872 2812 της
897 2714 1025 2800 Ἀσίας
1052 2732 1156 2802 τινές·
1186 2730 1206 2812 ἢ
1230 2749 1266 2789 τε
1288 2730 1350 2813 γάρ

94 2821 208 2904 Ἑλλάς
235 2820 298 2915 ὑφ’
328 2834 457 2914 ἑτέροις
487 2832 578 2892 ἐστὶν
600 2832 620 2914 ἥ
643 2852 679 2892 τε
698 2822 806 2891 Ἀσία.
858 2831 896 2890 τό
927 2826 962 2890 δέ
992 2826 1121 2913 ἀληθές
1151 2831 1208 2891 ούκ
1238 2827 1351 2912 όλίγου

46 2939 75 2990 25
98 2929 203 3009 ἀξιον.
250 2934 336 3017 πρός
361 2929 396 2994 δὲ
419 2934 563 3008 τούτοις,
587 2934 618 2994 εί
639 2924 734 3017 ᾔδειν
750 2935 803 2994 ὅτι
819 2934 929 2994 πείσω
945 2939 1050 2993 ταῦτα
1068 2929 1180 3014 λέγων,
1205 2931 1288 3008 ἴσως
1311 2935 1351 2995 ἂν

98 3031 347 3119 ἐβουλευσάμην
378 3036 497 3096 εἰπεῖν.
553 3038 644 3114 ύμως
681 3032 715 3096 δέ
745 3029 848 3114 μείζω
877 3037 933 3096 καὶ
968 3032 1208 3120 δυσχερέστερα
1239 3032 1349 3121 ὀνείδη

100 3137 188 3221 φημί
210 3143 276 3198 τῶν
296 3127 455 3221 Ἑλλήνων
479 3133 627 3221 ἀφελεῖν.
665 3139 703 3197 τό
720 3138 781 3215 μέν
796 3137 858 3220 γάρ
874 3139 917 3220 μὴ
936 3133 1023 3198 ἑλεῖν
1039 3158 1114 3198 τινα
1138 3135 1240 3200 πόλιν
1257 3135 1353 3200 οὐδὲν
1371 3135 1429 3197 151

99 3240 240 3316 ἄτοπον,
265 3236 342 3300 ούδέ
363 3259 399 3320 γε
415 3241 452 3300 τδ
475 3240 743 3322 στρατεύσαντας
765 3239 824 3298 ἐπὶ
839 3239 953 3321 χώραν
974 3236 1079 3322 μηδέν
1109 3240 1224 3315 αὐτοῖς
1246 3257 1352 3324 προσ-

100 3341 245 3424 ήκουσαν
269 3342 388 3402 ἔπειτα
413 3341 545 3425 είρήνην
568 3344 821 3424 ποιησαμένους
844 3336 1029 3417 ἀπελθεῖν,
1070 3332 1149 3404 ούδέ
1180 3361 1216 3423 γε
1247 3338 1352 3425 ἄνδρα

46 3449 77 3500 30
100 3443 232 3524 ἀγαθόν
256 3444 335 3504 όντα
358 3444 417 3527 τὴν
434 3444 543 3527 ψυχὴν
564 3443 632 3503 ύπδ
657 3439 778 3525 ἀνδρός
801 3443 919 3522 όμοίου
935 3438 1133 3527 τελευτῆσαι
1154 3445 1352 3522 μαχόμενον,

186 3645 251 3698 ite
269 3657 319 3710 pro
337 3636 406 3698 τότε
424 3641 453 3694 Μ
564 3635 602 3712 μὴ
621 3656 674 3696 om.
692 3640 723 3694 M
808 3645 976 3713 θορυβῶσιν
993 3641 1023 3695 Μ
1091 3642 1220 3713 γείνηται
1238 3641 1268 3694 Μ

101 3732 116 3781 3
134 3724 166 3782 ἐκ
188 3723 259 3783 τοὺσ
281 3721 359 3799 πρὸσ
382 3727 443 3792 (hoc
467 3726 536 3792 ord.)
553 3726 602 3782 UT
716 3725 812 3794 εἴρεο
840 3729 890 3782 καὶ
911 3726 1005 3792 UBM,
1027 3728 1076 3782 καί
1098 3726 1122 3780 Τ
1225 3730 1241 3778 4
1259 3726 1354 3783 δὲκαὶ

100 3811 173 3867 UBT
260 3806 387 3868 5έτεσιν
409 3828 459 3881 pro
481 3807 559 3868 ἴστιν
576 3811 606 3864 Μ
693 3805 779 3883 ἔγωγ’
805 3801 856 3867 οὖν
880 3810 954 3866 UBT
1040 3808 1207 3885 Ἱέρετρίαν
1224 3811 1274 3866 UB
1291 3809 1351 3883 έρε·

101 3898 244 3968 τρείανΤ
331 3895 451 3971 Βδάτην
468 3900 494 3955 U
511 3913 545 3952 m.
564 3912 606 3965 pr.
693 3891 847 3954 κάκείνουσ
865 3916 897 3953 τε
914 3896 964 3952 UT
1053 3901 1082 3951 11
1101 3899 1150 3953 καὶ
1167 3910 1220 3950 om.
1239 3894 1269 3947 M

103 3987 134 4037 13
152 3979 232 4053 παρὰ
251 3998 301 4052 pro
319 3986 386 4056 περὶ
403 3982 426 4036 Τ
497 3988 529 4037 14
547 3979 632 4040 πόλιν
650 3978 755 4053 έχοντα
772 3981 844 4046 libri,
863 3997 932 4036 corr.
952 3982 1031 4052 Emp.
1096 3986 1127 4035 15
1145 3973 1353 4054 ἀνδραποδίσαι

1066 4088 1089 4122 ω

101 4134 176 4190 UBT
229 4139 260 4189 18
279 4133 578 4211 εἰκὸς-θορυβῶσιν
593 4135 711 4203 graviter
729 4133 855 4189 laborant
916 4137 946 4187 19
964 4071 1170 4207 θορυγῖηύῶσιν
1187 4134 1261 4198 (sici)
1280 4132 1303 4186 Τ

101 4220 131 4277 δὲ
147 4236 198 4288 pro
217 4217 290 4293 δὴΒ
360 4223 393 4274 20
411 4215 614 4292 συγγινώσκειν
632 4219 705 4276 UBT
724 4214 941 4291 ουγγεινάσκειν
958 4218 1019 4296 Μ1
1062 4223 1092 4272 21
1113 4213 1150 4276 ἀν
1167 4233 1220 4272 om.
1238 4217 1286 4271 BT

103 4307 136 4358 12
157 4296 430 4376 έπιστρατεύσυνται
443 4305 471 4357 Μ
483 4321 518 4360 m.
531 4321 583 4375 pr„
602 4299 862 4380 ἐπιστρατεύωνται
875 4303 898 4357 Τ
952 4306 984 4356 21
998 4296 1105 4374 ὀλίγων
1122 4300 1203 4368 ἀξιον
1215 4301 1303 4369 UBM,

104 4383 240 4462 όλίγυυΤ
311 4395 344 4445 26
360 4386 573 4464 ἐβουλευσάμην
591 4389 681 4447 εἰπεῖν
699 4391 828 4456 corrupta
896 4383 1034 4461 δυσχερέα
1052 4406 1083 4444 τε
1101 4385 1176 4460 ῥᾶον
1198 4384 1256 4460 εἴδη
1274 4387 1304 4442 M

106 4477 139 4528 28
159 4471 224 4531 οὐδὲ
243 4472 359 4546 ἐλέγετο
378 4489 428 4545 pro
447 4467 513 4532 ου’δὲ
531 4494 565 4546 γε
582 4468 616 4531 τὸ
637 4473 707 4540 libri,
727 4488 796 4528 corr.
815 4472 895 4542 Emp.
965 4471 1057 4542 μηθὲν
1074 4471 1103 4524 Μ
