3068 5160
205 291 267 350 240
665 289 789 345 DIONIS
808 289 997 345 RHODIAOA

205 467 334 547 βαίνειν
357 467 393 526 ἐκ
415 474 474 551 τῆς
497 466 645 549 ἀπορίας
667 471 734 527 τῶν
758 461 1022 544 δεδανεισμένων
1052 456 1132 525 ἔσθ’
1158 467 1212 526 ὅτε
1237 462 1313 526 ούδὲ
1338 461 1475 540 ἀδίκως

206 569 354 649 γίγνεται
377 564 433 629 διά
457 569 495 628 τδ
517 568 665 648 μέγεθος
687 574 754 628 τῶν
777 570 893 643 τόκων,
917 569 997 628 ὅταν
1020 569 1109 641 τινὲς
1132 564 1297 640 πολλάκις
1320 565 1410 628 ὦσιν
1437 569 1475 629 έν

206 672 341 745 τούτοις
362 671 404 731 τά
428 671 550 753 ἀρχαῖα
572 674 817 748 κεκομισμένοι.
855 672 893 730 τύ
912 666 947 730 δέ
970 670 1031 743 τάς
1051 672 1193 753 χάριτας
1215 669 1276 742 τάς
1299 671 1378 731 ἀντὶ
1401 677 1475 732 τῶν

207 763 405 856 εὐεργεσιῶν
429 772 704 855 ἀποστερεῖσθαι
726 774 805 846 τούς
828 769 1013 856 εἰληφότας
1037 772 1111 833 ούτε
1128 773 1285 856 άφορμην
1303 763 1476 851 οὐδεμίαν

208 871 348 936 δύναται
371 879 558 958 παρασχεῖν
581 870 716 954 εύλογον
741 874 816 935 ούτε
839 875 1041 959 εἰσηγήσατο
1067 866 1177 948 οὐδεὶς
1199 876 1354 951 πώποτε,
1383 871 1477 936 ἀλλὰ
1501 889 1514 938 5

158 983 197 1043 70
207 979 311 1056 μόνου
334 978 454 1037 τούτου
480 973 596 1055 σχεδὸν
620 977 780 1038 ἁπάντων
804 967 969 1038 οὐδέποτε
987 979 1104 1056 καιρὸς
1119 980 1240 1057 γέγονε.
1328 978 1478 1062 καὶμὴν

209 1076 268 1140 δύο
290 1086 395 1140 ταῦτα
420 1079 546 1158 ὁμοίως
569 1086 628 1163 τῆς
650 1079 810 1163 μεγίστης
840 1075 989 1163 φυλακῆς
1012 1081 1046 1140 έν
1075 1083 1148 1152 τοῖς
1177 1081 1294 1158 νόμοις
1322 1076 1480 1163 ἠξίωται

208 1183 263 1243 καί
285 1182 370 1264 ἀρᾶς
392 1183 448 1242 καί
470 1181 653 1259 ἐπιτιμίων
675 1187 742 1241 τῶν
765 1182 929 1259 ἐσχάτων,
955 1181 1013 1242 ἐάν
1036 1201 1088 1254 τις
1112 1181 1228 1263 εἰσάγῃ
1248 1188 1357 1264 χρεῶν
1383 1183 1479 1243 ἀπο-

208 1283 318 1357 κοπάς
339 1284 358 1366 ἢ
384 1284 430 1356 ὡς
453 1284 512 1367 τὴν
534 1290 593 1366 γῆν
609 1279 853 1344 ἀναδάσασθαι
869 1285 1042 1367 προσήκει.
1081 1286 1209 1344 τούτων
1224 1283 1336 1343 τοίνυν
1353 1284 1394 1343 τύ
1411 1285 1480 1362 μὲν

210 1376 296 1467 παρ’
321 1386 399 1463 ύμῖν
424 1374 461 1444 οὐ
485 1388 613 1464 γέγονε·
644 1386 681 1444 τά
707 1381 742 1445 δέ
767 1381 904 1460 λοιπόν,
935 1377 953 1444 ὃ
982 1376 1065 1468 μηδ’
1098 1383 1184 1459 ὅλως
1208 1384 1304 1466 ἴσμεν
1327 1383 1365 1446 εἴ
1385 1405 1479 1447 ποτε
1505 1401 1529 1451 10

211 1485 341 1568 συνέβη,
367 1485 547 1566 σκέψασθε
570 1486 786 1570 παραθέντες
808 1484 855 1567 τῷ
872 1494 928 1548 νῦν
944 1481 1169 1568 ἐξεταζομένῳ
1187 1490 1373 1571 πράγματι.
1415 1497 1480 1574 τῆς

209 1592 269 1666 μέν
292 1607 327 1668 γε
347 1589 461 1672 χώρας
483 1588 618 1650 ἀνωθεν
642 1585 879 1672 διαιρουμένης
901 1596 1000 1649 τοῦτο
1023 1590 1064 1649 άν
1080 1587 1131 1673 εἴη
1150 1586 1354 1666 δεινότατον,
1379 1587 1480 1666 τὸέξ

211 1687 286 1749 ἴσου
309 1690 490 1770 γίγνεσθαι
512 1692 570 1751 τδν
593 1691 710 1769 έχοντα
734 1693 900 1774 πρότερον
923 1688 969 1771 τῷ
992 1692 1036 1775 μη
1053 1695 1257 1774 κεκτημένην·
1280 1699 1339 1775 τῆς
1362 1688 1400 1752 δὲ
1428 1694 1478 1753 εἰ·

210 1794 307 1865 κύνος
330 1796 431 1875 ἑτέρῳ
450 1789 614 1876 δοθείσης
631 1784 787 1872 οὐδαμῶς
804 1791 878 1866 ἴσος
893 1793 984 1853 ἐστίν
1001 1794 1020 1852 ά
1035 1793 1241 1877 ἀφαιρεθείς
1255 1791 1302 1874 τῷ
1321 1789 1478 1872 λαβόντι.

211 1895 229 1953 ά
251 1895 312 1973 μὲν
334 1894 395 1978 γάρ
419 1899 578 1972 τέτευχεν,
603 1893 699 1979 εἴπερ
722 1896 798 1978 ἀρα,
821 1902 881 1979 τῆς
903 1902 1018 1979 τιμῆς,
1042 1893 1089 1976 τῴ
1114 1891 1149 1956 δέ
1174 1886 1278 1956 οὐθέν
1301 1897 1476 1978 περίεστι.
1502 1911 1526 1960 15

161 2007 198 2067 71
298 2000 380 2080 φέρε
403 1998 524 2074 τοίνυν,
549 1996 584 2058 εἴ
602 2019 654 2071 τις
677 1998 789 2080 έροιτο
813 1998 871 2058 τάν
896 2000 1080 2080 στρατηγὸν
1103 1999 1195 2076 ὑμῶν
1213 1999 1394 2082 ἐφεστῶτα
1417 2001 1480 2062 καί

210 2093 386 2159 κελεύοντα
410 2101 624 2182 ἐκχαράττειν
642 2102 701 2185 τὴν
717 2102 920 2185 ἐπιγραφήν,
944 2102 1057 2182 έτερον
1081 2091 1113 2161 δ’
1132 2101 1322 2184 ἐγγράφειν,
1346 2103 1383 2162 τί
1399 2102 1479 2163 ἐστι

212 2201 249 2259 τύ
273 2203 467 2279 γιγνόμενον
474 2223 485 2274 ;
507 2197 530 2285 ἦ
551 2204 588 2286 νὴ
605 2204 674 2263 Δία
698 2207 832 2287 πέφηνέ
854 2223 888 2263 τι
911 2199 1020 2263 δεινδν
1044 2202 1262 2285 εἰργασμένος
1284 2204 1343 2288 την
1369 2201 1478 2266 πόλιν

213 2303 390 2374 τοσούτοις
413 2303 522 2363 ἐτεσιν
546 2303 686 2386 ύστερον
711 2302 809 2378 οὗτος
831 2306 932 2388 άνηρ,·
956 2306 1043 2387 πρὸς
1064 2311 1127 2365 τού
1139 2306 1225 2378 Διὸς
1249 2296 1307 2365 οὐκ
1329 2306 1371 2366 ἀν
1395 2308 1479 2385 ύμῖν

215 2397 311 2462 δοκεῖ
330 2399 574 2488 διατραπῆναι,
603 2405 659 2465 καί
681 2412 786 2464 ταύτα
809 2405 867 2466 ἐάν
888 2387 911 2488 ᾖ
931 2410 1069 2489 μέτριος
1076 2428 1088 2480 ,·
1116 2407 1180 2487 ἐγὼ
1203 2408 1264 2486 μέν
1289 2407 1351 2490 γάρ
1377 2406 1480 2488 οἶμαι
1503 2424 1528 2471 ιο

213 2504 272 2565 καί·
291 2504 349 2564 τδν
372 2506 522 2590 τεχνίτην
544 2507 772 2589 ἐρυθριάσειν.
819 2507 849 2567 εἰ
873 2505 908 2568 δέ
933 2505 971 2592 δη
997 2505 1119 2582 παῖδες
1141 2509 1160 2592 ἢ
1194 2512 1359 2589 συγγενεῖς
1382 2532 1478 2586 τινες

214 2609 441 2691 παρατύχοιεν
464 2604 607 2692 τάνδρὸς
625 2609 762 2684 ἐκείνου,
786 2611 878 2669 πόσα
896 2607 1015 2671 οἴεσθε
1032 2611 1178 2694 ἀφήσειν
1195 2601 1316 2685 αὐτούς
1333 2608 1474 2696 δάκρυα,

165 2705 354 2777 72ἐπειδάν
379 2706 522 2794 ἄρξηταί
543 2731 596 2783 τις
620 2705 796 2794 ἀφανίζειν
819 2713 857 2772 τά
888 2712 1011 2791 ύνομα,·
1041 2703 1217 2791 οὐμενοῦν·
1248 2710 1332 2775 ἀλλά
1354 2716 1475 2799 ἐνστή-

216 2827 333 2872 σονται
356 2814 481 2886 πάντες
504 2813 554 2885 είς
575 2814 659 2892 ὑμᾶς
683 2817 879 2897 παριόντες,
910 2814 959 2887 εἰς
988 2815 1046 2875 τδν
1077 2812 1181 2899 δῆμον
1210 2816 1363 2895 βοῶντες.
1409 2807 1470 2900 ἆρ’

215 2909 282 2986 ούν,
307 2903 378 2972 οὐδ’
405 2913 445 2974 ἀν
468 2921 623 2976 τοιοῦτον
641 2915 759 3000 συμβῇ,
782 2913 948 2977 κωλύσετε
965 2907 1042 2978 οὐδὲ
1060 2918 1383 3002 έπιστραφήσεσθε,·
1406 2921 1473 3001 ἐγὼ
1500 2934 1525 2983 25

213 3013 274 3089 μέν
298 3004 393 3074 οὐδὲν
416 3015 457 3075 ἀν
479 3024 633 3079 τοιοῦτον
656 3020 737 3103 περί
758 3020 850 3098 ὑμῶν
872 3014 1099 3099 ἀπολάβοιμι,
1128 3016 1254 3099 μᾶλλον
1279 3016 1393 3082 δὲκαὶ
1416 3029 1474 3084 νῦν

217 3133 305 3197 φημι
329 3111 511 3178 λανθάνειν
535 3110 615 3181 αὐτά
639 3124 842 3202 γιγνόμενον,
866 3112 942 3180 ἀλλ’
969 3112 1027 3182 οὐκ
1050 3123 1166 3183 ἐάσετε
1181 3125 1329 3203 γνόντες·
1355 3113 1475 3186 οὐκοῦν
1491 3142 1522 3192 133

215 3222 271 3276 νύν
293 3235 329 3297 γε
352 3218 547 3281 ἐπίστασθε
571 3218 746 3306 δήπουθεν
769 3225 807 3284 τά
832 3230 970 3307 πρᾶγμα
994 3221 1087 3300 ύλον,
1112 3224 1198 3284 ὥστε
1220 3222 1387 3302 καθάπαξ
1409 3247 1475 3287 κω-

217 3312 316 3379 λύσαι
338 3322 511 3404 προσήκει.

301 3423 338 3506 νη
354 3423 434 3499 Δία,
460 3415 536 3484 ἀλλ’
556 3413 614 3503 οὐχ
637 3427 754 3503 ύμοιύν
770 3428 853 3503 ἐστι,
877 3424 1013 3488 πολλῶν
1030 3429 1134 3488 άντων
1158 3425 1210 3499 οἷς
1224 3423 1341 3503 μοδείς
1364 3445 1476 3507 προσ-
1504 3444 1528 3492 30

216 3524 289 3606 ηκει
302 3525 359 3586 καί
373 3532 436 3585 τού
449 3527 648 3608 πράγματος
665 3528 908 3608 συμβαίνοντος
930 3520 989 3588 ἐπ’
1010 3519 1120 3588 οὐδενί
1138 3532 1204 3586 τῶν
1219 3527 1404 3608 γνωρίμων.

304 3789 601 3857 ῙδεδανισμένωνΜι
674 3793 809 3864 ύγέγονε
826 3792 850 3844 Ε
868 3791 987 3864 γέγονεν
1004 3790 1087 3845 ceteri
1174 3784 1242 3847 ivit
1261 3782 1330 3848 δύοί
1417 3798 1473 3864 τῆσ

216 3868 344 3942 μεγάλησ
361 3873 437 3941 libri,
463 3890 533 3929 corr.
551 3875 652 3930 Reiske
755 3875 936 3944 Βέπιτιμιῶν
952 3875 999 3929 Mv
1101 3868 1290 3933 άποκοπαίν
1377 3882 1477 3934 9εοὺ-

217 3974 250 4011 το
269 3955 319 4009 ΒΕ
408 3963 439 4011 10
457 3962 516 4016 πάν
533 3976 583 4029 pro
603 3954 675 4033 παρ’
689 3961 717 4013 Μ
820 3961 922 4032 γέγονε
940 3959 965 4014 Ε
983 3959 1101 4031 γέγονεν
1119 3961 1203 4015 ceteri
1291 3959 1387 4031 εἰομεν
1404 3962 1431 4018 εἰ
1447 3964 1478 4015 Μ

218 4040 258 4104 εἰς
275 4040 387 4109 μένειν
475 4051 502 4098 11
523 4045 695 4101 scribendum
712 4049 761 4116 τῆς
778 4045 831 4114 μἐν
848 4041 905 4118 γάρ
995 4049 1025 4099 15
1044 4048 1189 4118 περίεστιν
1207 4047 1236 4099 Μ
1325 4053 1354 4102 11
1375 4043 1480 4121 ἑτέραν

217 4127 319 4181 mavult
342 4127 405 4182 Wil.
520 4134 552 4183 18
576 4130 682 4202 πέφηνέ
709 4151 736 4187 τι
759 4145 828 4185 corr.
853 4133 893 4197 Ε,
921 4128 1047 4204 άπέφηνέ
1071 4152 1097 4188 τι
1121 4132 1200 4186 ΒΜΕ
1223 4149 1257 4188 m.
1281 4149 1337 4202 pr.‚
1365 4126 1480 4205 άπέφην

218 4202 258 4265 ἐτι
275 4228 291 4265 v
397 4218 429 4268 19
446 4233 570 4285 υστερον
588 4232 640 4271 om.
662 4215 709 4269 ΒΕ
814 4221 846 4270 20
864 4221 934 4288 δοκῇ
951 4217 1014 4282 ΒΕ,
1040 4233 1092 4271 om.
1110 4216 1174 4282 Mv,
1198 4233 1266 4273 corr.
1292 4217 1408 4272 casaub.

219 4296 249 4346 21
269 4299 415 4371 τεχνείτην
433 4300 463 4354 Μ
532 4304 564 4354 24
582 4301 664 4357 immo
684 4297 799 4368 πάντως
868 4306 984 4360 τοιοῦτο
1002 4301 1064 4356 libri
1133 4306 1165 4355 25
1183 4299 1340 4359 κωλύσεται
1359 4301 1406 4355 MJ

219 4381 321 4521 26tuiv
339 4375 390 4440 ούν
407 4387 455 4440 ΒΕ
542 4389 573 4440 27
594 4383 661 4443 ούτε
684 4392 753 4458 γοῦν
777 4391 827 4444 νῦν
848 4405 864 4442 v
888 4381 953 4444 οὐτ’
978 4386 1085 4459 άγνουν
1106 4387 1124 4441 J
1222 4391 1255 4441 30
1273 4385 1332 4444 ἐστι
1356 4387 1381 4440 Ε
1401 4383 1482 4444 ἐστιν

220 4481 251 4520 οε
264 4481 303 4521 οτι
