3068 5160
175 308 238 367 324
571 311 695 366 DIONIS
713 309 870 366 TARSICA
887 309 1038 364 ALTERA

176 489 343 570 συμφορά.
389 480 465 548 ἀλλ)
499 485 596 565 οἶμαι
623 487 679 548 καί
707 483 816 548 πάλαι
844 487 900 547 καῖ
928 493 984 546 νῦν
1015 481 1154 545 πλείονα
1185 484 1282 566 εὕροι
1314 502 1372 556 τις
1400 483 1434 543 ἀν

177 588 407 671 συμβεβηκότα
435 585 527 650 δεινά
558 593 633 662 ταῖς
659 584 782 649 πόλεσι
806 576 852 649 δι’
878 588 1015 669 άγνοιαν
1038 593 1099 646 τοῦ
1121 589 1364 669 συμφέροντος
1386 587 1434 647 καί

175 689 217 749 τά
246 688 311 751 τών
335 691 560 773 προεστώτων
583 690 806 773 ἁμαρτήματα
829 685 874 748 τό
878 709 894 749 ν
918 690 953 749 ἐκ
974 695 1036 748 τοῦ
1056 683 1233 765 δαιμονίου
1257 688 1319 748 καί
1344 686 1433 769 παρὰ

125 787 234 874 29τῆς
262 792 371 874 τύχης.
418 793 451 852 οί
478 793 539 870 μέν
567 793 628 875 γάρ
659 790 755 854 οὐδέν
782 787 960 868 δυνάμενοι
988 787 1053 850 τῶν
1077 785 1219 849 δεόντων
1244 784 1338 849 ίδεῖν
1363 780 1432 850 οὐδ’

177 889 443 976 ἐπιμεληθέντες
467 891 574 954 αὐτῶν
598 895 773 977 πρότερον,
795 889 880 975 μηδὲ
898 893 1011 974 κώμην
1028 891 1119 963 όντες
1135 890 1243 950 ἱκανοί
1261 886 1458 975 διοικῆσαιί

174 993 259 1053 κατὰ
275 997 413 1077 τρόπον,
438 991 548 1068 άλλως
565 991 600 1055 δέ
616 995 684 1069 ὑπὸ
703 996 884 1078 χρημάτων
903 994 922 1077 ἢ
938 998 1053 1074 γένους
1070 993 1313 1080 συνιστάμεναι
1330 996 1473 1078 abeo-(213

175 1098 329 1177 έρχονται
351 1094 398 1178 τῴ
423 1092 686 1158 πολιτεύεσθαι·
710 1097 799 1169 τινές
819 1093 854 1157 δὲ
879 1098 1001 1179 ταύτην
1020 1091 1216 1174 ἐπιμέλειαν
1233 1092 1328 1156 εἶναι
1347 1096 1435 1175 νομί-

176 1191 298 1274 ζοντες,
314 1200 355 1258 ἀν
367 1200 499 1283 ῥήματα
513 1196 675 1283 συμφορά
680 1214 714 1259 σι
724 1199 780 1258 καί
791 1205 896 1258 ταῦτα
912 1195 957 1258 τό
960 1219 977 1258 ν
993 1193 1126 1257 πολλῶν
1143 1191 1287 1280 δπωσδη
1305 1197 1435 1258 θάττον

178 1298 373 1382 συνείρωσι,
401 1296 545 1382 μηδενός
573 1296 678 1361 τάλλα
708 1300 866 1379 ἀμείνους
896 1300 995 1372 ὄντες.
1040 1299 1078 1358 τό
1110 1294 1145 1358 δέ
1167 1301 1351 1377 μέγιστον,
1384 1295 1434 1360 διδ

175 1401 236 1477 μὲν
259 1401 297 1459 τό
320 1397 496 1478 βέλτιστον
518 1404 574 1463 καί
596 1410 655 1486 της
673 1398 839 1484 πατρίδος
862 1401 964 1485 αὐτῆς
986 1402 1093 1461 ἕνεκεν
1110 1398 1157 1474 οῦ,
1182 1395 1310 1460 λοιπόν
1328 1396 1367 1461 δέ
1385 1397 1468 1462 leel

178 1496 278 1574 δόξας
299 1501 356 1561 καί
377 1502 478 1580 τιμάς
499 1503 555 1562 καί
577 1505 615 1562 τό
640 1498 811 1562 δύνασθαι
835 1499 938 1563 πλέον
961 1506 1075 1583 έτέρου
1098 1502 1154 1562 καί
1172 1503 1369 1584 στεφάνους
1384 1503 1434 1565 καί

177 1598 361 1684 προεδρίας
382 1603 438 1663 καί
461 1605 641 1686 πορφύρας
664 1599 850 1677 διώκοντες,
875 1603 962 1684 πρὸς
984 1609 1088 1661 ταῦτα
1105 1598 1369 1681 ἀποβλέποντες
1383 1605 1433 1665 καί

176 1703 305 1763 τούτων
328 1699 545 1787 ἐξηρτημένοι
567 1711 707 1765 τοιαῦτα
731 1705 920 1786 πράττουσι
941 1704 997 1764 καὶ
1020 1700 1182 1783 λέγουσιν,
1206 1700 1243 1779 ἐξ
1266 1703 1315 1766 ών
1340 1707 1433 1768 αότοί

127 1805 265 1878 3οτινες
294 1803 382 1866 εἶναι
412 1801 576 1881 δόξουσιν.
627 1811 804 1888 τοιγαροῦν
832 1806 1129 1888 ἐστεφανωμένους
1163 1802 1316 1876 πολλοὺς
1351 1804 1429 1871 ἰδεῖν

177 1906 251 1966 ἐστι
280 1898 364 1966 καθ’
394 1909 535 1991 έκάστην
559 1904 661 1968 πόλιν
682 1907 738 1967 καί
760 1907 909 1979 θύοντας
931 1908 966 1966 ἐν
988 1902 1089 1985 κοινῴ
1111 1905 1167 1965 καὶ
1190 1906 1383 1988 προϊόντας
1403 1907 1468 1966 eve

178 2010 356 2091 πορφύρᾳ·
379 2014 531 2090 γενναῖον
555 2006 590 2070 δέ
612 2011 669 2071 καὶ
692 2011 857 2093 φρόνιμον
881 2004 986 2090 ἀνδρα
1001 2008 1057 2068 καὶ
1071 2002 1238 2089 κηδεμόνα
1255 2007 1365 2081 όντως
1380 2014 1433 2091 τῆς

178 2113 300 2169 ἑαυτοῦ
328 2108 494 2193 πατρίδος
521 2113 578 2172 καὶ
607 2118 795 2195 φρονοῦντα
824 2111 881 2171 καί
912 2105 1048 2189 λέγοντα
1077 2104 1211 2190 τάληθῆ
1241 2109 1300 2169 καί
1325 2099 1374 2170 δι’
1399 2108 1433 2169 δν

179 2211 316 2287 ἀμεινον
341 2212 484 2273 οίκεῖται
505 2214 561 2274 καί
582 2217 780 2296 μετέσχηκεν
804 2211 939 2292 ἀγαθοῦ
960 2230 1051 2283 τινος
1074 2213 1092 2293 η
1111 2209 1305 2293 πειθομένη
1324 2207 1433 2284 πόλις,

180 2313 325 2372 σπάνιον
355 2314 472 2432 εὑρεῖν
524 2315 580 2374 καὶ
613 2321 711 2374 τοῦτο
746 2314 924 2392 ἀναγκαῖον
960 2312 1155 2391 συμβαίνειν
1188 2312 1320 2392 τρόπον
1349 2312 1433 2371 τινά

130 2414 167 2476 31
181 2413 261 2472 όταν
284 2413 345 2495 γάρ
371 2411 510 2474 οῖωνται
532 2416 611 2487 τοῦς
635 2411 987 2525 λελειτουργηκότας
968 2435 987 2497 η
1007 2415 1085 2486 τοῦς
1100 2407 1285 2490 μέλλοντας
1301 2415 1475 2486 έαυτυῖςίι

180 2510 249 2574 δεῖν
275 2511 522 2595 συμβουλεύειν,
545 2516 605 2575 κάν
627 2537 646 2597 η
672 2535 724 2587 τις
746 2533 799 2594 γυγ
786 2515 891 2592 μίνασ
892 2515 1029 2598 αρχοςη
1050 2511 1251 2598 δημιουργός
1267 2533 1329 2589 τις,
1355 2507 1436 2597 [καί]

178 2613 226 2696 τῴ
255 2619 397 2698 τοιούτφ
422 2620 512 2698 μόνφ
538 2614 644 2698 λέγειν
667 2616 942 2699 ἐπιτρέπουσιν
923 2637 942 2698 η
967 2618 1004 2699 νὴ
1028 2617 1097 2675 Δία
1120 2619 1193 2688 τοῖς
1213 2609 1436 2690 καλουμένοις

178 2718 348 2800 ρητορσιν,
373 2722 491 2799 ὅμοιόν
514 2721 606 2780 ἐστιν
631 2718 789 2800 ὥσπερ
770 2739 810 2778 αν
833 2718 864 2777 εί
886 2719 965 2790 τοῦς
986 2718 1129 2800 κήρυκας
1151 2710 1284 2777 ἐκάλουν
1302 2716 1434 2790 μόνους

179 2819 296 2900 ἢτοδς
311 2819 561 2904 κιθαρῳδοδςῆ
586 2823 664 2893 τούς
686 2813 898 2901 τραπεζίτας.
937 2825 1114 2902 τοιγαροῦν
1138 2815 1317 2897 ἀνθρωττοι
1341 2833 1429 2896 παρ-

182 2919 254 2978 ίασι
282 2922 338 2980 καί
366 2922 505 3004 ἀνόητοι
528 2923 584 2982 καὶ
614 2917 798 2996 δοξοκόποι
824 2921 881 2981 καί
910 2922 997 3003 πρός
1018 2922 1076 2980 τδν
1099 2921 1169 2980 ἀπό
1192 2923 1251 2978 τοῦ
1272 2911 1475 3000 πληθουςῦ

180 3019 332 3102 θόρυβον
360 3025 550 3104 κεχηνότες,
586 3020 681 3083 οὐδὲν
709 3023 779 3082 ἀπό
810 3024 943 3104 γνώμης
973 3018 1147 3105 ἀσφαλοῦς
1176 3015 1252 3081 οὐδὲ
1283 3022 1440 3094 συνέντες

181 3117 351 3201 λέγουσιν,
381 3114 457 3182 ἀλλ>
490 3124 605 3206 ὥσπερ
635 3125 670 3184 έν
700 3126 811 3185 σκότει
838 3117 1033 3203 βαδίζοντες
1054 3123 1138 3183 κατά
1160 3124 1218 3184 τόν
1240 3123 1362 3204 κρότον
1387 3122 1441 3183 ἀεί

131 3223 236 3288 32καί
264 3224 323 3305 την
352 3222 434 3307 βοὴν
464 3228 634 3308 φέρονται.
678 3226 790 3286 καίτοι
815 3226 1032 3309 κυβερνήταις
1055 3223 1158 3297 εἴτις
1182 3221 1272 3305 λέγοι
1296 3217 1439 3308 [αὐτοῖς]

183 3324 268 3384 ὥστε
292 3318 401 3406 ζητεῖν
424 3321 460 3400 ἐξ
483 3327 635 3400 ἅπαντος
656 3327 809 3410 ἀρέσκειν
825 3331 898 3401 τοῖς
915 3327 1107 3407 ἐπιβάταις,
1129 3327 1185 3387 καί
1198 3330 1442 3408 κροτουμένοις

181 3416 242 3486 ὑπ’
269 3426 387 3502 αὐτῶν,
411 3429 506 3501 όπιυς
529 3428 569 3489 ἀν
592 3429 714 3489 ἐκεῖνοι
735 3425 896 3504 θέλωσιν,
921 3429 1027 3502 οὕτως
1042 3428 1211 3510 κυβερνᾶν,
1236 3427 1273 3487 οῦ
1289 3425 1440 3508 μεγάλου
1462 3438 1476 3486 l

269 3685 399 3748 ῦαότῦν
415 3691 465 3748 UT
519 3686 669 3763 Βδπωσόὴ
688 3693 805 3761 Geelius,
824 3683 903 3759 ὅπως
920 3687 951 3762 δὴ
964 3692 1027 3745 libri
1081 3696 1110 3744 10
1129 3687 1164 3748 οδ
1181 3706 1232 3746 om.
1252 3691 1330 3746 Mm.
1343 3709 1387 3761 pr.

185 3783 217 3831 14
235 3776 366 3844 δόξουσιν
378 3777 482 3845 scripsi,
500 3775 621 3842 δόξωσιν
634 3777 687 3830 ΒΜ
700 3773 803 3843 δόξωσι
815 3776 864 3831 UT
920 3782 950 3830 17
970 3773 1079 3849 τάληθῆ
1090 3776 1199 3841 Reiske‚
1216 3773 1311 3847 ἀληθῆ
1324 3777 1389 3831 libri

185 3868 216 3916 18
230 3863 371 3918 οἰκεῖσθαι
384 3862 413 3914 Μ
466 3867 497 3916 19
510 3861 742 3932 συμβαίνειΠΒΤ
755 3861 808 3925 (hie
819 3866 881 3928 post
893 3858 966 3926 τινά)
1014 3866 1046 3916 20
1057 3858 1207 3918 οίλννταιΜ
1254 3855 1441 3931 τοὺς-μέλ-

185 3952 291 4012 λοντας
308 3947 348 4000 sie
365 3950 503 4014 transpos.
522 3944 624 3999 Reieke
641 3939 709 4008 τοὺς
725 3944 883 4012 μέλλοντας
900 3941 918 4016 ἢ
936 3943 1003 4012 τοὺς
1020 3941 1291 4020 λελειτουργηκότας
1307 3945 1370 4000 libri

185 4037 216 4086 21
237 4026 408 4103 δημιουργός
425 4034 501 4085 estne
523 4030 695 4098 magistratus
717 4028 813 4097 aliquis
833 4029 1026 4086 Tarsensium?
1128 4034 1176 4088 καὶ
1194 4047 1246 4086 om.
1266 4031 1296 4085 M
1312 4034 1389 4086 recte

184 4121 217 4170 24
239 4111 307 4182 τοὺς
324 4115 438 4170 alterum
456 4129 509 4168 om.
529 4114 558 4166 M
652 4118 808 4187 τοιγαροῦν
825 4108 844 4170 δι’
863 4113 936 4168 UBT
1030 4117 1151 4185 παρίασι
1169 4115 1285 4171 casaub.
1302 4117 1442 4187 χαίρουσι

182 4201 256 4269 libri3
280 4201 453 4271 praeferrem:
480 4195 651 4270 παριόντες,
673 4199 834 4254 εδῖεαιίιαω
858 4199 942 4254 latere
964 4203 1044 4268 putet
1067 4200 1131 4255 Wil.
1234 4204 1266 4253 25
1291 4194 1368 4270 πρὸς
1387 4217 1441 4256 om.

184 4286 258 4341 UBT
349 4289 381 4338 26
400 4278 464 4341 οόόέ
482 4300 533 4339 om.
552 4284 625 4339 UBT
724 4284 853 4349 συνέντες
871 4283 986 4340 Cesaub.
1005 4283 1156 4350 συνθέντες
1172 4283 1235 4339 libri
1339 4288 1372 4339 28
1391 4286 1441 4355 φέ·

186 4370 319 4441 ρονταῖί
426 4372 474 4424 καὶ
497 4377 558 4432 τοῖς
576 4368 604 4420 Μ
708 4365 739 4426 εί
756 4389 797 4435 τις
820 4369 862 4425 bis
880 4371 906 4425 U
1013 4361 1099 4435 αὐτὸς
1120 4369 1149 4422 Μ
1253 4364 1351 4436 αὐτοῖς
1369 4371 1441 4426 dele·

185 4453 222 4507 vit
240 4453 302 4507 Wil.
