3068 5160
200 340 263 399 314
612 335 735 391 DIONIS
753 333 910 388 Taasch
927 331 1038 387 PRIOR

285 515 319 574 οἱ
342 511 377 574 δὲ
402 519 490 573 συῶν
512 514 572 591 μέν
595 512 669 589 έχον
691 505 843 594 κεφαλάς
866 507 980 590 φωνην
1003 526 1039 566 τε
1061 506 1177 589 τρίχας
1199 525 1235 566 τε

283 617 339 677 καί
362 613 474 693 δέμας.

199 708 273 778 ἀλλ’
305 718 446 790 ἐκείνοις
473 717 534 796 μὲν
563 717 620 777 τόν
649 721 726 776 νοῦν
755 717 867 793 μένειν
898 710 1001 795 φησίν
1030 704 1195 787 ἔμπεδον,
1224 709 1354 768 τούτων
1380 703 1417 768 δέ
1442 708 1460 767 ό

148 823 189 886 59
200 827 277 893 νοῦς
300 825 436 902 πρῶτος
459 814 617 880 ἀπόλωλε
638 818 695 879 καί
719 813 939 900 διέφθαρται.
983 812 1040 872 καί
1061 812 1126 896 μην
1150 811 1208 888 ούχ
1231 811 1318 871 οὕτω
1348 805 1460 870 δεινόν

199 924 302 997 έστιν,
326 921 357 982 εί
379 920 565 1003 ἀνθρωποι
586 916 710 999 μεταξύ
733 918 916 998 προβάτων
933 915 1048 999 φωνην
1066 909 1200 993 λάβοιεν
1218 901 1291 974 οὐδ’
1310 912 1342 972 εί
1357 911 1460 992 βοῶν,
1481 921 1494 971 5

200 1015 275 1086 οὐδ’
307 1025 347 1085 ἀν
373 1016 614 1107 χρεμετίζωσιν
644 1010 716 1082 οὐδ’
747 1021 787 1081 ἀν
809 1015 1013 1092 ὑλακτῶσιν,
1045 1016 1160 1100 ὥσπερ
1183 1017 1243 1100 τὴν
1261 1006 1403 1098 Ἑκάβην
1428 1016 1461 1075 οἱ

199 1127 342 1209 ποιηταί
371 1122 524 1205 λέγουσιν
552 1124 612 1185 ἐπί
640 1129 729 1184 πᾶσι
756 1127 830 1195 τοῖς
859 1117 983 1192 δεινοῖς
1011 1116 1203 1182 τελευταῖον
1227 1126 1375 1203 ποιῆσαι
1398 1118 1460 1192 τὰς

195 1218 343 1311 Ἐρινύας

280 1329 437 1412 χαροπὰν
459 1329 557 1388 κύνα·

281 1427 421 1508 χάλκεον
446 1427 483 1491 δέ
506 1429 540 1489 οἱ
561 1429 699 1509 γνάθων
722 1429 757 1488 ἐκ
780 1423 905 1488 πολιᾶν
930 1427 1166 1512 φθεγγομένας

284 1532 433 1591 ὑπάκουε
454 1532 515 1609 μὲν
532 1521 606 1590 Ἴδα
632 1527 773 1603 Τένεδός
796 1550 831 1590 τε
855 1531 1040 1612 περιρρύτα

287 1629 445 1714 Θρηίκιοί
465 1652 501 1692 τε
526 1628 706 1716 φιλήνεμοι
728 1633 815 1711 γύαι.

149 1738 188 1800 60
200 1734 257 1811 ούχ
282 1735 368 1793 ούτω
393 1734 481 1818 φημί
501 1723 594 1793 τοῦτ’
621 1731 767 1794 εἶναιτὸ
791 1737 890 1817 τέρας
914 1729 1023 1793 δεινόν
1040 1723 1113 1792 οὐδ’
1135 1732 1387 1815 ἀποτρόπαιον,
1413 1733 1460 1806 ῶς

198 1838 278 1897 ὅταν
301 1837 383 1920 ἀνήρ
406 1856 459 1909 τις
482 1836 527 1896 ὢν
550 1836 606 1896 καί
628 1837 686 1896 τόν
705 1843 897 1919 χαρακτῆρα
921 1834 1004 1912 έχων
1027 1836 1084 1895 τὸν
1109 1834 1208 1894 αύτδν
1230 1834 1287 1895 καί
1308 1835 1369 1919 τὴν
1387 1854 1459 1919 φω-

198 1939 256 2023 νην
280 1939 339 2022 την
357 1942 487 2013 ἑαυτοῦ,
509 1938 566 1999 καί
589 1937 631 1998 τά
656 1941 778 2021 σημεῖα
801 1945 860 2021 της
884 1938 1018 2021 φύσεως
1040 1931 1085 2020 μὴ
1111 1933 1293 2015 δυνάμενος
1316 1932 1459 2014 ἀνελεῖν,
1481 1947 1506 1997 15

197 2030 280 2122 μηδ’
306 2041 345 2100 ἂν
362 2041 497 2101 ἅπαντα
520 2048 607 2124 ποιῇ
630 2035 869 2123 περιστέλλων,
891 2039 1050 2119 καθάπερ
1076 2039 1189 2122 φώρια
1210 2034 1369 2122 κλέπτης,
1391 2030 1455 2099 ἀπ’

194 2121 349 2224 Ἐρινύων
371 2149 472 2203 τινῶν
494 2144 704 2222 τυπτόμενος
726 2142 783 2202 καί
806 2138 1093 2224 διαστρεφόμενος
1114 2140 1171 2200 καί
1194 2141 1306 2201 πάντα
1325 2142 1457 2223 τρόπον

200 2238 427 2320 διακλώμενος
449 2246 562 2304 πάντα
578 2240 742 2327 βούληται
758 2248 871 2304 ποιεῖν
886 2244 942 2303 καί
956 2239 1060 2326 μηδὲν
1076 2244 1123 2316 ὡς
1139 2246 1285 2327 πέφυκε·
1307 2244 1457 2306 κάπειτα
1472 2257 1526 2309 (μοι

198 2345 369 2427 Πρωτέως
391 2347 483 2418 τινός
506 2343 599 2428 δίκην
623 2342 796 2405 ἀλλάττων
819 2345 875 2404 καί
895 2344 1093 2422 μετατιθείς
1120 2345 1220 2406 αύτδν
1243 2342 1359 2429 ἐξεύρῃ
1386 2367 1458 2431 φω-

198 2448 256 2530 νην
287 2446 428 2530 ἀφιέναι
455 2447 539 2528 μήτε
569 2442 691 2529 ἀνδρὸς
720 2447 804 2528 μήτε
831 2448 986 2525 γυναικός
1014 2447 1098 2530 μήτε
1127 2443 1230 2507 ἀλλου
1253 2449 1347 2522 τινός
1370 2441 1458 2530 ζῴου
1480 2448 1506 2498 ²⁰

201 2543 339 2632 [μιαράν
361 2549 416 2609 καί
439 2541 652 2630 ἀνδρόγυνον]
678 2549 885 2626 μιμούμενος
906 2543 990 2630 μηδέ
1010 2549 1228 2632 χαμαιτύπην
1252 2548 1333 2610 αύτό
1357 2557 1459 2611 τοῦτο

197 2657 494 2729 χαμαιτυποῦσαν,
518 2645 603 2710 ἀλλά
621 2644 697 2731 <τδ>
717 2658 779 2711 τοῦ
800 2651 975 2729 αἰσχίστου
998 2650 1094 2733 ἔργου
1109 2651 1239 2735 κοίτης
1256 2647 1459 2733 ἀσελγεστά-

199 2774 259 2836 της
282 2749 439 2836 πράξεως
462 2754 578 2836 ὥσπερ
602 2753 642 2813 ἀν
666 2752 913 2836 φθεγγόμενος,
942 2753 1124 2813 καὶταῦτα
1146 2744 1230 2831 μεθ’
1256 2757 1380 2838 ἡμέραν
1402 2754 1455 2813 ἐκ·

201 2861 329 2938 φανούς
358 2857 455 2928 ὄντος
482 2851 579 2938 ηλίου
609 2850 745 2915 πολλῶν
775 2857 963 2937 παρόντων.
1010 2854 1068 2931 ούχ
1097 2855 1183 2915 ούτω
1214 2852 1324 2918 δεινόν
1352 2850 1391 2940 ἦν
1415 2858 1456 2918 τό

199 2956 261 3028 τάς
281 2957 409 3039 βύρσας
431 2963 498 3017 τῶν
521 2957 611 3037 βοῶν
633 2958 750 3039 έρπειν
773 2953 849 3017 οάδέ
873 2958 911 3016 τό
934 2956 1110 3035 μυκᾶσθαι
1132 2957 1173 3016 τά
1195 2963 1285 3042 κρέα.
1480 2960 1509 3010 25

149 3063 186 3124 61
284 3061 387 3131 ποῖος
416 3057 473 3118 ούν
494 3049 642 3142 Ὅμηρος
668 3059 688 3142 ἢ
718 3060 770 3133 τίς
795 3047 988 3142 Ἀρχίλοχος
1022 3059 1130 3136 ἰσχύει
1162 3060 1204 3120 τὰ
1237 3062 1321 3122 κακά
1349 3069 1458 3124 ταῦτα

199 3154 336 3239 έξᾷσαι;
360 3156 456 3220 δοκεῖ
472 3160 534 3242 γάρ
559 3161 673 3241 έμοιγε
696 3163 733 3246 νη
757 3163 815 3222 τόν
834 3152 1007 3242 εΗρακλέα
1030 3162 1183 3241 γενναίου
1199 3165 1291 3237 τινός
1305 3165 1362 3226 καί
1377 3185 1457 3248 τρα-

289 3395 300 3443 1
322 3391 357 3444 cl.
377 3391 456 3446 Hom.
477 3392 527 3447 Od.
549 3398 588 3458 10,
608 3396 658 3447 239
728 3396 742 3445 3
761 3390 875 3448 ἐκεῖνοσ
891 3391 944 3460 μὲν
961 3392 1031 3457 libri,
1050 3407 1121 3447 corr.
1140 3392 1241 3448 Reiskc
1306 3394 1387 3451 Hom.
1405 3397 1456 3452 11.

200 3469 292 3548 αὐτὰρ
310 3481 378 3543 νοῦς
396 3469 431 3548 ἦν
449 3472 579 3546 έμπεόος,
598 3471 638 3543 ὣς
656 3472 690 3534 τὸ
710 3473 805 3549 πάρος
823 3497 878 3549 περ
929 3482 943 3530 5
962 3477 989 3533 εἰ
1004 3481 1116 3549 βοῶσιν
1127 3479 1198 3543 libri,
1217 3494 1286 3535 corr.
1301 3480 1404 3536 Reiske

199 3566 213 3615 7
233 3567 400 3619 τελευταῖαν
417 3564 443 3619 U
460 3565 627 3619 τελευταίαν
645 3562 668 3616 Τ
772 3565 787 3615 9
804 3559 941 3634 χαρόπαν
958 3561 1033 3618 UBT
1121 3564 1155 3621 cf.
1173 3565 1203 3620 P.
1223 3564 1287 3636 Lyr.
1305 3566 1346 3619 111
1363 3583 1391 3634 p.
1405 3570 1453 3622 ’121

197 3647 450 3715 (frg.adcsp.101)
523 3652 553 3703 10
571 3647 671 3704 δέοιΒ
741 3651 882 3717 γναθμῶν
899 3648 969 3712 libri,
988 3663 1058 3702 corr.
1078 3648 1187 3704 Geelius
1251 3645 1356 3708 πολιάν
1373 3651 1404 3704 Μ

200 3737 228 3786 11
248 3728 432 3802 ύπακούεμεν
449 3733 520 3798 libri,
538 3748 607 3787 corr.
620 3731 728 3786 Geelius
781 3732 941 3789 ἰόέουσΤΜ
959 3732 1073 3798 (iuras.)
1126 3754 1157 3790 τε
1175 3739 1228 3791 δοσ
1245 3735 1318 3792 τεΜ
1331 3751 1366 3790 m.
1376 3751 1418 3806 pr.

200 3824 231 3872 12
244 3815 360 3888 θρήκιοί
371 3818 400 3871 Μ
464 3821 558 3890 φιλίην
570 3812 667 3888 ἔμοιγε
679 3817 749 3883 libri,
762 3813 911 3888 φιλήνεμοι
924 3816 1026 3887 πέτραι
1038 3817 1148 3885 Jacobs,
1166 3815 1232 3891 γύαι
1240 3821 1304 3875 Wil.
1360 3827 1392 3876 14
1404 3839 1454 3892 pro

198 3899 272 3976 έχων
281 3904 403 3959 desidero
416 3900 518 3978 σῴζων
572 3907 603 3956 16
616 3901 754 3972 ποιῆτεΜ
767 3905 883 3971 ποιῆται
896 3902 987 3965 ceteri,
1000 3918 1069 3956 corr.
1080 3902 1181 3958 Reiske
1232 3901 1403 3981 φύρειαΠΒ

199 3994 229 4045 11
248 3980 384 4062 ἐριννέων
401 3988 455 4042 ΜΤ
527 3992 558 4042 18
577 3983 712 4060 βούλεται
730 3986 800 4052 libri,
821 4002 890 4041 corr.
912 3986 1012 4041 Reiske
1102 3989 1184 4044 scrib.
1203 3987 1297 4047 πάντα
1314 3988 1454 4064 βούληται

197 4075 303 4144 (μετα)
321 4083 414 4130 ποιεῖν
432 4077 480 4130 καί
497 4073 582 4144 μηδὲν
600 4068 639 4137 ὡς
651 4072 759 4143 πέφυκε
769 4070 921 4138 (τοιοῦτον
939 4067 1056 4145 ἀγαπᾶν
1071 4070 1161 4144 έχων)
1178 4075 1219 4130 vel
1236 4076 1292 4130 tale
1309 4077 1387 4146 quid;
1405 4081 1454 4134 καί

197 4163 260 4214 ante
278 4151 522 4231 διαστρεφόμενος
539 4159 611 4212 delet
628 4157 702 4222 Wil,
721 4157 818 4212 ceteris
836 4159 950 4213 servatis
1029 4162 1061 4212 20
1080 4155 1171 4216 ἀλλοσ
1189 4159 1217 4212 Μ
1294 4165 1324 4214 21
1344 4159 1454 4234 μιαρὰν

196 4249 246 4301 καί
268 4239 445 4317 ἀνδρόγυνον
467 4243 587 4299 seclusit.
606 4244 686 4311 Emp.
755 4253 944 4313 χαμαιτυπεῖν
961 4243 1035 4300 UBT
1109 4249 1141 4298 22
1159 4240 1193 4300 τδ
1213 4245 1317 4300 addidit
1334 4246 1400 4301 Wil.

197 4333 250 4386 τοῦ
262 4332 410 4401 αἰσχίστου
427 4330 526 4385 Jacobs
545 4333 598 4386 τοῦ
615 4329 752 4399 λαχίστου
768 4328 818 4383 UT
836 4324 1026 4398 τούλαχίστου
1043 4329 1096 4382 ΒΜ
1165 4323 1308 4401 ἀσελγοῦσ
1326 4328 1400 4397 (cbo
1418 4333 1453 4398 U)

196 4413 267 4478 libri,
285 4430 355 4468 corr.
368 4415 466 4469 Reiske
536 4418 568 4467 23
586 4412 744 4485 έκφαίνουσ
756 4410 857 4470 ἰόντοσ
869 4412 899 4466 Μ
916 4411 1089 4481 ἐκφανοῦσιν
1108 4405 1198 4470 δντοσ
1210 4415 1260 4469 UB
1272 4413 1454 4487 ἐκφωνυύοιν

198 4493 287 4553 ἀντοσ
306 4498 338 4562 Τ,
356 4515 424 4553 corr.
444 4499 552 4554 Geelius
