3068 5160
583 369 719 427 ORATIO
738 369 838 426 XXXI.
1276 367 1337 426 259

83 546 196 611 οὐδέν·
222 549 317 631 ὃγάρ
335 543 518 632 εἰλήφεσαν
541 547 576 607 έν
592 545 794 630 προσθήκης
816 547 921 627 μέρει,
944 551 1043 606 τοῦτο
1067 541 1257 623 ἀπώλλυον,
1280 555 1339 632 τῆς

84 647 238 731 μείζονος
270 647 399 732 δωρεάς
430 649 545 723 αύτοῖς
573 651 793 731 τηρουμένης·
826 647 885 708 ἐπί
911 642 947 706 δὲ
971 653 1037 708 τών
1066 643 1177 709 ἀλλων
1201 646 1276 723 ἴσος
1299 651 1339 712 ἀν

84 759 216 835 γένοιτο
234 754 252 812 ὁ
269 749 375 832 λόγος.
407 740 483 811 ἀλλ’
502 751 576 811 ἔστι
590 751 651 829 μὲν
668 745 769 834 δῆλον
783 749 840 810 καί
856 747 1002 809 αὐτόθεν
1019 747 1115 827 οἶμαι
1130 750 1168 810 τδ
1186 757 1338 834 πρᾶγμα·

85 860 152 936 ὅσῳ
175 850 238 938 γὰρ
262 856 299 915 τδ
323 862 382 938 τῆς
405 850 535 927 εἰκόνος
549 846 663 932 μεῖζον
685 852 704 936 ἢ
728 852 766 912 τό
790 859 850 936 τῆς
873 846 1036 927 ἀτελείας,
1058 853 1209 933 τοσούτῳ
1232 855 1339 937 κρείτ-

49 969 63 1016 5
85 977 180 1031 τονες
204 958 238 1016 οἱ
259 958 379 1017 τούτου
402 953 573 1034 τυχόντες·
598 955 649 1015 ἔτι
672 944 705 1014 δ’
731 954 772 1014 ἀν
796 953 882 1012 ούτω
905 955 1038 1032 γένοιτό
1060 955 1131 1033 γεύ
1154 950 1251 1035 λόγος
1275 977 1339 1040 φα-

90 1061 287 1142 νερώτερος·
310 1061 329 1141 η
353 1052 499 1140 μὲνγὰρ
524 1052 659 1117 ἀτέλεια
681 1057 760 1129 τούς
777 1051 942 1134 λαβόντας
959 1055 1213 1139 εὐπορωτέρους
1235 1063 1340 1134 ποιεῖ,
1358 1057 1418 1120 138

84 1162 141 1222 καί
165 1157 259 1220 ούτοι
280 1155 429 1239 μάλιστα
453 1158 685 1237 ἐπιθυμοῦσιν
716 1157 817 1239 αὐτῆς
846 1157 970 1230 οἵτινες
998 1157 1039 1217 ἀν
1068 1155 1134 1218 ώσι
1162 1160 1242 1242 περί
1261 1161 1339 1244 χρη-

84 1284 174 1342 ματα
198 1257 463 1334 ἐσπουδακότες·
492 1264 511 1344 η
537 1257 572 1321 δὲ
596 1259 693 1320 εἰκών
715 1261 754 1320 τδ
779 1260 900 1337 σεμνόν
927 1261 1031 1337 μόνον
1054 1259 1122 1336 ἔχει
1143 1261 1199 1322 καί
1221 1263 1259 1322 τὸ
1281 1271 1341 1347 τῆς

85 1372 193 1448 τιμῆς.
231 1365 299 1443 ὅση)
326 1360 363 1447 δὴ
389 1365 514 1436 πάντες
537 1359 693 1440 εἴποιμεν
716 1362 757 1422 ἀν
778 1362 950 1441 κρείττους
972 1361 1051 1433 τούς
1067 1366 1192 1444 προῖκα
1207 1365 1264 1425 καὶ
1287 1361 1341 1425 δό-

37 1477 65 1526 10
88 1463 146 1550 ξης
167 1462 295 1545 μᾶλλον
318 1466 425 1524 ένεκεν
448 1464 668 1546 αἱρουμένους
696 1461 735 1523 εύ
760 1482 856 1536 τινας
884 1467 998 1523 ποιεῖν
1020 1469 1087 1524 τῶν
1109 1453 1169 1524 ἐπ’
1195 1465 1340 1550 ἀργυρίῳ

85 1570 142 1629 καὶ
165 1565 221 1628 διά
242 1563 370 1650 κέρδος,
393 1567 543 1645 τοσούτῳ
565 1566 670 1649 φαίην
686 1564 726 1625 ἀν
742 1564 844 1645 ἔγωγε
862 1565 899 1624 ού
914 1567 1018 1643 μόνον
1033 1565 1192 1644 ἀμείνους
1207 1568 1341 1652 ἀνθρώ-

88 1690 174 1743 πους
190 1665 317 1730 ἀδικεῖν
333 1674 432 1728 τοῦτο
450 1670 487 1728 τό
504 1669 599 1744 ἔθος,
622 1664 779 1728 ἀλλὰκαὶ
800 1667 868 1727 ύπδ
891 1663 1073 1746 βελτιόνων
1095 1669 1180 1747 ὑμᾶς
1201 1666 1342 1733 κωλύειν

86 1772 125 1832 εὖ
146 1773 290 1849 πάσχειν
313 1771 401 1854 ἤπερ
424 1771 570 1843 ἐκείνους
594 1771 612 1830 ύ
633 1772 745 1849 νόμος.

173 1862 247 1932 ἀλλ’
267 1873 369 1953 ἔγωγε
386 1872 505 1953 ἀπορῶ
522 1872 557 1932 τί
573 1868 701 1955 δήποτε
718 1871 790 1948 ούχί
810 1870 867 1930 καὶ
889 1872 993 1948 νόμον
1015 1871 1164 1932 τίθεσθε
1187 1873 1246 1934 ἐπὶ
1268 1876 1343 1934 τού·
1361 1871 1422 1934 139

37 1984 63 2033 15
85 1996 142 2055 τῳ,
165 1964 248 2034 καθ’
275 1974 312 2035 δν
329 1975 427 2034 ἔσται
448 1975 486 2032 τό
512 1969 643 2047 λοιπόν,
667 1970 764 2054 εἴπερ
787 1972 865 2050 ύμῖν
887 1971 1032 2054 ἀρέσκει.
1070 1974 1107 2056 νη
1131 1962 1204 2049 Δί’,
1229 1975 1342 2052 αἰσχύ-

87 2096 145 2157 νην
168 2075 230 2157 γάρ
255 2075 292 2134 ού
315 2074 436 2157 μικράν
460 2074 528 2152 ἔχει
550 2076 653 2151 νόμος
675 2079 830 2144 τοιοῦτος
845 2073 880 2133 έν
895 2080 937 2156 τῇ
955 2069 1056 2134 πόλει
1070 2075 1230 2152 κείμενος.
1269 2074 1342 2136 εἶτα

88 2177 272 2261 ἀγράφειν
295 2176 433 2258 αἰσχρόν
454 2175 612 2256 ἡγεῖσθε,
640 2181 740 2234 τοῦτο
770 2177 883 2235 ποιεῖν
914 2175 971 2234 ούκ
1001 2175 1139 2258 αἰσχρόν
1169 2177 1259 2252 έστι,·
1287 2178 1344 2240 καὶ

89 2280 186 2357 πόσῳ
209 2282 360 2360 κρεῖττον
381 2278 426 2362 μη
447 2276 602 2361 χρῆσθαί
616 2292 687 2338 τισι
703 2282 770 2336 τῶν
787 2271 925 2360 φαύλως
939 2281 1175 2360 γεγραμμένων
1191 2279 1210 2363 ἢ
1230 2297 1246 2335 a
1264 2298 1343 2342 ποι-

10 2390 77 2440 5311)
90 2383 158 2452 εῖν;
178 2380 198 2462 ἢ
223 2383 389 2463 ποτέρους
412 2379 452 2439 ἀν
476 2376 608 2439 εἴποιτε
629 2374 792 2458 βελτίους,
815 2380 894 2452 τούς
910 2380 1017 2453 ούτως
1032 2379 1169 2457 ἔχοντας
1191 2383 1279 2465 πρός
1301 2382 1343 2442 τά

38 2489 67 2538 10
89 2481 214 2557 άτοπα,
240 2482 326 2543 ὥστε
350 2480 546 2559 ἀπέχεσθαι
568 2481 624 2541 καί
647 2475 846 2559 δεδομένων,
868 2481 888 2564 ἢ
912 2483 991 2554 τούς
1015 2481 1053 2541 ού
1071 2487 1343 2566 συγκεχωρημένα

90 2585 320 2664 πράττοντας,·
350 2573 426 2644 ἀλλ’
458 2584 561 2664 ἔγωγε
591 2583 696 2666 φαίην
719 2583 776 2658 ἀν,
808 2579 1077 2664 ὁμολογουμένου
1099 2591 1161 2643 τοῦ
1180 2581 1345 2667 μηδαμῶς
1363 2585 1423 2646 140

92 2681 161 2745 δεῖν
183 2682 287 2769 μηδὲν
310 2682 426 2747 ἄδικον
451 2688 613 2770 πράττειν
635 2682 720 2769 μηδὲ
744 2685 909 2767 ἀπρεπές,
932 2675 1017 2768 παρ’
1044 2685 1096 2759 οἷς
1119 2687 1159 2746 ἀν
1182 2687 1272 2766 νόμῳ
1296 2688 1345 2766 γί·

89 2808 207 2871 γνηται
221 2790 259 2849 τὸ
276 2795 440 2864 τοιοῦτον,
456 2789 580 2871 ἥττονα
597 2781 661 2870 [ἀν]
677 2789 763 2866 ἔχειν
777 2788 980 2872 κατηγορίαν
995 2787 1014 2871 ἢ
1032 2776 1117 2870 παρ’
1139 2785 1191 2860 οἷς
1205 2787 1245 2847 ἀν
1260 2787 1345 2847 κατὰ

90 2892 183 2964 ἔθος.
314 2897 450 2972 πρῶτον
472 2892 533 2968 μέν
555 2889 617 2972 γάρ
642 2890 661 2949 ὁ
682 2891 785 2968 νόμος
807 2891 909 2973 ῥητός
931 2891 1015 2966 ἐστι,
1037 2891 1094 2952 καὶ
1117 2890 1174 2950 ούκ
1197 2890 1237 2950 ἀν
1261 2908 1346 2949 ποτε

38 2999 66 3048 15
90 2997 220 3072 γένοιτο
242 2991 380 3071 χείρων·
408 2991 446 3050 ού
474 2991 537 3073 γάρ
560 2992 653 3052 ἔστιν
677 2991 752 3052 ούτε
779 2987 918 3075 ἀφελεῖν
941 2993 1017 3054 ούτε
1040 2992 1250 3076 προσθεῖναι
1272 2995 1346 3064 τοῖς

91 3095 347 3174 γεγραμμένοις·
370 3092 407 3151 τό
426 3088 463 3152 δέ
477 3111 514 3172 γε
529 3093 623 3168 ἔθος,
647 3073 724 3176 ἀνῇ
749 3090 888 3177 φαῦλον,
912 3094 1035 3177 ἀνάγκη
1058 3095 1115 3155 καὶ
1138 3089 1345 3178 φαυλότερον

92 3193 145 3253 ἀεί
173 3192 353 3272 γίγνεσθαι
381 3190 428 3272 τῴ
456 3195 501 3277 μὴ
530 3191 763 3279 κατειλῆφθαι
787 3191 873 3278 μηδὲ
897 3196 1059 3278 ὡρίσθαι.
1106 3193 1190 3277 λέγω
1214 3185 1247 3257 δ’
1274 3195 1347 3257 οἷον
1365 3197 1423 3258 141

93 3293 196 3366 εύθύς
218 3295 317 3353 τοῦτό
341 3310 429 3378 φασι
451 3297 510 3378 τὴν
534 3296 636 3381 ἀρχὴν
660 3292 774 3376 λαβεῖν
797 3296 867 3356 ἀπὸ
891 3302 958 3358 τῶν
982 3303 1268 3381 συντετριμμένων
1290 3297 1347 3359 καὶ

94 3391 170 3455 οὐδὲ
194 3396 395 3478 ἐφεστώτων
424 3397 476 3457 ἔτι
498 3403 574 3471 ταῖς
602 3399 740 3478 βάσεσι·
771 3399 907 3470 τούτοις
934 3397 997 3480 γάρ
1024 3399 1246 3485 ἀποχρῆσθαι
1267 3401 1346 3473 τούς

40 3510 68 3558 30
93 3499 299 3582 στρατηγούς
328 3493 611 3574 ἐπισκευάζοντας
640 3501 696 3560 καί
724 3501 852 3582 τρόπον
880 3498 955 3559 τινά
979 3495 1016 3575 ἐξ
1038 3501 1140 3585 ἀρχῆς
1163 3507 1347 3574 ποιοῦντας

180 3753 405 3835 1εἰλύςιεισανΤ
457 3767 544 3821 τοῦτο
558 3757 592 3819 τὸ
606 3762 635 3816 Μ
681 3756 897 3821 ἀπύλλυονΠΜ
951 3761 1301 3836 21σως11111,υοπ.Εωρ.

93 3842 194 3919 siam
211 3849 241 3903 M
321 3851 403 3905 4κα1
420 3864 470 3919 pro
487 3843 506 3921 ἢ
522 3847 597 3913 libri,
623 3863 692 3904 corr.
712 3849 889 3906 casaubonus
959 3847 1218 3923 ὅτεωχηκότεσΤ
1285 3855 1349 3920 post

92 3930 184 4006 λόγου
200 3933 264 3987 libri
280 3933 393 3988 habent:
417 3926 483 3990 ἀλλ’
507 3928 566 3990 ἔστι
582 3933 636 4003 μὲν
653 3938 740 4006 δῆλον
756 3938 805 3992 καὶ
823 3927 950 3992 αύτόθεν
968 3931 1048 4004 οἶμαι
1066 3930 1100 3992 τὸ
1123 3940 1256 4007 πρᾶγμα,
1279 3949 1349 4005 quae

92 4019 143 4075 del.
161 4018 262 4073 Reiske
331 4015 536 4091 φανερώτερον
553 4018 616 4073 libri
633 4024 660 4072 et
677 4036 701 4086 v,
719 4035 791 4075 corr.
810 4019 911 4075 Reisko
996 4024 1011 4073 6
1030 4014 1233 4094 εὐπορωτέρου
1250 4019 1281 4072 Μ

93 4096 236 4173 9είιιοιμ’
254 4097 291 4159 ἀν
308 4102 362 4156 ΒΜ
432 4113 564 4176 κρεῖττον
582 4103 663 4159 UBM
739 4109 770 4160 12
788 4100 822 4162 τὸ
843 4105 943 4160 om.U
1029 4100 1101 4175 ὑπὲρ
1125 4121 1175 4175 pro
1199 4100 1299 4162 ὓπὸΒ

95 4193 126 4243 14
145 4191 280 4245 τίθεσθαι
298 4186 329 4240 Μ
398 4191 430 4242 16
448 4184 613 4260 αμικρὰνΒ
682 4183 719 4245 ἀν
736 4185 797 4260 έχοι
814 4189 914 4244 Jacobs
985 4183 1159 4258 ὁνόμοσΜ
1228 4209 1282 4246 τινι
1300 4205 1350 4260 pro

94 4277 129 4344 τῇ
147 4273 177 4327 Μ
247 4276 277 4327 li
296 4266 428 4342 ἡγεῖσθαι
446 4273 476 4326 Μ
544 4270 623 4329 ἐστιν
640 4271 670 4325 Μ
739 4275 911 4328 scribendum
928 4276 1024 4330 καίτοι
1085 4279 1115 4330 18
1134 4269 1253 4346 φαύλων
1270 4274 1299 4328 Μ

93 4360 211 4412 fortasse
228 4351 247 4427 ἢ
263 4356 348 4427 <μηδὲ
365 4352 549 4428 γράψαντας)
566 4368 661 4415 ποιεῖν
731 4364 763 4413 19
782 4355 858 4415 εἴποι
875 4358 901 4412 U
919 4354 1014 4415 εἴτιοισ
1032 4358 1056 4412 Τ
1125 4364 1157 4414 22
1175 4361 1304 4432 γείνηται
1320 4359 1351 4413 Μ

94 4445 206 4514 γίνηται
224 4442 248 4494 Β
265 4442 374 4512 γίνεται
393 4440 442 4495 UT
528 4448 560 4497 23
578 4433 667 4514 ἦττον
685 4438 721 4500 ἀν
739 4444 821 4509 ΠΒΤ,
839 4438 877 4500 ἀν
893 4443 958 4498 secl.
976 4443 1040 4496 Wil.
1121 4449 1153 4500 28
1172 4465 1351 4517 ονντετρειμ·

94 4526 190 4596 μένων
201 4524 232 4578 Μ
301 4527 333 4579 19
352 4519 664 4591 έτι11εἰε1ε,έκ1111)εἰ
733 4521 921 4599 ἀποχρᾶσθαι
940 4527 1019 4582 ΙίΒΜ

1099 4616 1148 4668 11*
