3068 5160
207 324 268 382 144
687 322 809 378 DIONlS
827 322 993 381 TROIANA

207 502 349 578 σάμενος
374 506 489 582 σιωπῇ
511 495 738 559 καθείλκυσαν
761 505 828 561 τῶν
851 505 933 560 νεῶν
963 500 1023 573 τάς
1056 494 1203 573 πολλάς,
1235 498 1380 580 δρῶντες
1412 498 1465 556 ότι

205 603 261 662 καί
283 609 324 684 τῇ
347 601 534 684 προτεραίᾳ
556 607 678 683 μικροῦ
701 597 956 685 διεφθάρησαν,
981 602 1026 674 ὡς
1048 596 1133 683 μηδὲ
1159 601 1265 684 φυγὴν
1289 599 1341 658 ἔτι
1364 595 1463 672 εἶναι,

206 705 261 764 καί
282 708 384 786 μέρος
408 703 465 763 ούκ
490 698 601 782 όλίγον
624 698 663 786 ἦν
682 704 965 786 ἐμπεπρησμένον
989 702 1107 778 αὐτῶν,
1132 690 1207 762 ἀλλ’
1235 701 1272 761 ου’
1296 701 1360 778 μία
1384 706 1465 772 ναῦς

206 809 224 889 η
241 800 500 887 Πρωτεσιλάου·
525 810 629 864 ταῦτα
654 801 689 864 δὲ
714 806 918 888 ποιήσαντες
941 801 1161 865 ἀπέπλευσαν
1185 805 1233 876 είς
1256 804 1316 887 την
1333 803 1464 884 Χερρό-

176 918 324 990 ῦνησον,
354 911 420 966 τῶν
444 901 665 984 αἰχμαλώτων
688 902 798 965 πολλὰ
827 901 1073 980 καταλιπόντες
1098 907 1242 967 καὶτῶν
1268 901 1381 964 ἀλλων
1407 905 1464 964 ούκ

207 1004 301 1087 ὀλίγα
324 1009 509 1090 κτημάτων.
553 1009 621 1086 ἀμα
646 1003 680 1067 δέ
704 1015 742 1091 τη
766 1011 874 1092 ημέρηι
898 1015 1046 1091 φανεροῦ
1067 1011 1244 1089 γενομένου
1268 1013 1331 1066 τοῦ
1357 1008 1464 1087 πράγ-
1493 1011 1523 1071 11

205 1127 321 1187 ματος,
346 1110 364 1168 ό
386 1111 447 1187 μέν
462 1101 585 1193 Ἕκτωρ
609 1111 786 1194 ἠγανάκτει
807 1111 863 1171 καὶ
885 1110 1015 1193 βαρέως
1038 1110 1138 1193 ἔφερε
1160 1109 1215 1170 καὶ
1237 1110 1296 1169 τόν
1308 1096 1465 1183 Ἀλέξαν-

208 1207 286 1293 δρον
309 1208 493 1296 ἐλοιδόρει·
517 1215 596 1286 τούς
611 1212 672 1294 γάρ
690 1207 875 1290 πολεμίους
899 1212 998 1272 αὐτόν
1021 1213 1056 1272 έκ
1079 1217 1145 1272 τῶν
1159 1217 1281 1294 χειρῶν
1304 1210 1463 1294 ἀφεῖναι·

207 1314 267 1387 τάς
284 1311 319 1374 δέ
338 1315 459 1397 σκηνάς
475 1316 664 1399 ἐνέπρησαν
681 1316 714 1374 οἱ
730 1317 842 1397 Τρῶες
853 1314 909 1374 καὶ
922 1307 1107 1397 διήρπαζον
1122 1312 1163 1373 τά
1175 1309 1463 1397 καταλειφθέντα.

60 1428 146 1480 (18211)
160 1425 187 1477 10
208 1421 281 1488 τοῖς
305 1411 339 1474 δέ
359 1407 509 1493 Ἀχαιοῖς
531 1418 566 1477 έν
594 1414 642 1498 τῷ
666 1411 820 1499 ἀσφαλεῖ
843 1411 1119 1494 βουλευομένοις·
1155 1405 1193 1475 οὗ
1223 1415 1284 1498 γάρ
1316 1412 1409 1492 εἶχον
1433 1416 1465 1474 οἱ

143 1551 146 1558 -
207 1518 285 1599 περὶ
307 1518 364 1578 τόν
381 1509 519 1600 Ἕκτορα
543 1520 697 1579 ναυτικόν
720 1521 870 1595 ἕτοιμον,
903 1518 989 1578 ὥστε
1019 1514 1207 1597 διαβαίνειν
1229 1507 1289 1576 ἐπ’
1322 1516 1462 1589 αὐτούς·

205 1615 315 1679 ἐδόκει
336 1621 397 1697 μέν
427 1620 567 1680 ἀπιέναι
590 1624 693 1693 πᾶσι,
725 1615 857 1679 πολλοῦ
877 1616 1034 1703 πλήθους
1058 1615 1279 1692 ἀπολωλότος
1307 1619 1366 1679 καί
1397 1624 1463 1678 τῶν

206 1722 353 1804 ἀρίστων
370 1717 514 1804 ἀνδρῶν·
544 1717 696 1794 κίνδυνος
714 1717 748 1781 δέ
771 1717 811 1804 ἦν
832 1723 877 1806 μη
902 1728 981 1795 ναῦς
1004 1723 1232 1805 ποιησάμενοι
1255 1727 1463 1805 παραχρῆμα

207 1819 461 1884 ἐπιπλεύσωσιν
484 1825 544 1885 ἐπὶ
565 1826 624 1908 τὴν
644 1814 791 1884 Ἑλλάδα.
833 1820 889 1884 διά
906 1830 1005 1884 τοῦτο
1022 1822 1079 1884 ούν
1096 1823 1276 1904 ἀναγκαῖον
1292 1817 1333 1906 ῆν
1348 1827 1462 1902 μένειν
1491 1824 1525 1885 11

157 1934 185 1984 lb
208 1925 323 2007 ὥσπερ
346 1913 420 1985 κατ’
447 1924 550 2007 ἀρχάς
574 1921 805 2007 λῃστεύοντας,
829 1923 864 1986 εἴ
883 1943 957 1998 πως
980 1922 1027 2006 τῷ
1044 1920 1174 2008 Πάριδι
1188 1926 1351 2003 κάμνοντι
1368 1921 1462 1986 διαλ-

208 2022 342 2101 λάξειαν
373 2028 493 2100 αύτούς
521 2027 577 2087 καί
608 2027 695 2109 πρός
725 2023 842 2110 φιλίαν
872 2023 1061 2111 πράξαντες
1091 2023 1273 2088 ἀπελθεῖν.
1344 2028 1392 2100 ὡς
1427 2023 1462 2087 δέ

206 2128 338 2211 ἔκριναν
361 2135 475 2204 ταῦτα,
498 2130 554 2189 καί
569 2129 709 2189 ἐποίουν
725 2133 832 2212 πέραν
847 2134 1012 2208 μένοντες.
1043 2129 1219 2191 κάνταῦθα
1235 2132 1309 2202 τοῖς
1328 2129 1462 2212 Τρωσίν

206 2227 361 2313 ἐπῆλθον
377 2232 413 2289 ἐκ
427 2232 488 2308 μέν
501 2229 704 2305 Αἰθιοπίας
719 2232 879 2310 Μέμνων,
903 2233 940 2292 αἱ
956 2229 991 2292 δέ
1003 2220 1183 2310 Ἀμαζόνες
1199 2233 1234 2291 ἐκ
1249 2237 1312 2290 τοῦ
1325 2231 1461 2290 Πόντου

206 2331 334 2414 βοηθοὶ
354 2332 411 2392 καί
433 2329 515 2392 ἀλλο
539 2329 676 2417 πλῆθος
699 2335 898 2416 ἐπικούρων,
923 2335 968 2406 ὡς
985 2334 1200 2412 εὐτυχοῦντας
1223 2333 1462 2393 ἐπυνθάνοντο

157 2443 186 2493 bb
206 2434 264 2493 τόν
286 2433 444 2515 Πρίαμον
466 2436 522 2494 καί
550 2436 608 2494 τόν
623 2426 761 2517 Ἕκτορα
794 2437 850 2496 καὶ
878 2437 956 2509 τούς
975 2427 1130 2514 Ἀχαιούς
1160 2437 1239 2496 ὅσον
1272 2434 1368 2495 ούπω
1396 2431 1462 2495 διε-

208 2535 428 2618 φθαρμένους
445 2537 585 2611 πάντας,
611 2538 644 2596 οἱ
659 2541 719 2615 μέν
735 2557 823 2610 τινες
838 2529 913 2597 κατ’
941 2538 1083 2614 εόνοιαν,
1108 2537 1141 2597 οί
1161 2533 1196 2597 δὲ
1212 2537 1269 2597 καὶ
1285 2537 1382 2620 φόβῳ
1403 2544 1462 2620 τῆς

209 2633 395 2714 δυνάμεως·
439 2638 478 2700 ,ού
518 2638 580 2721 γάρ
621 2643 693 2711 τοῖς
732 2635 934 2723 ηττημὲνοις
976 2636 1051 2700 οόδέ
1092 2643 1165 2713 τοῖς
1203 2635 1313 2711 κακῶς
1354 2635 1460 2721 πράτ-

209 2753 337 2814 τουσιν,
379 2735 463 2799 ἀλλά
503 2744 576 2813 τοῖς
613 2737 731 2801 νικῶσι
769 2743 824 2802 καί
868 2746 942 2815 τοῖς
984 2737 1259 2825 περιγενομένοις
1297 2740 1460 2801 ἀπάντων

207 2842 332 2913 πάντες
355 2838 518 2902 ἐθέλουσι
540 2843 692 2925 βοηθεῖν.
738 2847 1001 2925 μετεπέμψαντο
1030 2840 1065 2904 δὲ
1088 2844 1143 2904 καί
1166 2842 1199 2902 οἱ
1218 2831 1352 2919 Ἀχαιοί
1374 2833 1458 2926 παρ’
1491 2843 1524 2903 ll

158 2953 186 3004 25
208 2945 317 3003 αὐτῶν
346 2941 380 3003 εἴ
406 2964 481 3004 τινα
511 2941 670 3005 ἐδύναντο
705 2942 888 3029 ὠφέλειαν·
923 2953 989 3007 τῶν
1019 2948 1080 3024 μὲν
1108 2945 1170 3027 γάρ
1200 2939 1332 3020 ἔξωθεν
1362 2936 1460 3006 οόδέν

208 3033 319 3118 οὐδεὶς
341 3048 392 3106 ἐτι
415 3051 594 3130 προσεῖχεν
618 3039 749 3121 αὐτοῖς·
779 3044 863 3107 ἀλλά
887 3045 1128 3126 Νεοπτόλεμόν
1151 3067 1186 3106 τε
1209 3047 1268 3106 τόν
1284 3036 1460 3125 Ἀχιλλέως

207 3144 330 3231 κομιδῇ
353 3152 427 3209 νέον
451 3150 529 3209 όντα
552 3150 607 3209 καὶ
631 3146 840 3234 Φιλοκτήτην
862 3149 1106 3234 ὑπεροφθέντα
1130 3151 1296 3231 πρότερον
1321 3144 1378 3209 διά
1401 3151 1459 3234 την

207 3251 317 3326 νόσον,
340 3253 396 3312 καὶ
418 3252 578 3324 τοιαύτας
600 3252 767 3335 βοηθείας
791 3250 927 3313 οἴκοθεν
951 3253 1111 3324 ἀσθενεῖς
1132 3252 1188 3312 καί
1211 3251 1373 3333 ἀπόρους.
1414 3250 1458 3312 ὥν

207 3352 422 3436 ἀφικομένων
437 3356 555 3435 μικρόν
571 3355 841 3428 ἀναπνεύσαντες
854 3351 957 3416 πάλιν
971 3351 1173 3416 διέπλευσαν
1186 3355 1235 3428 είς
1246 3360 1306 3443 την
1321 3355 1458 3438 Τροίαν,

156 3464 184 3515 ³0
205 3455 261 3515 καί
284 3453 526 3538 περιεβάλοντο
549 3460 659 3534 τεῖχος
682 3459 794 3540 ἕτερον
818 3453 905 3517 πολύ
929 3453 1077 3533 ἔλαττον,
1102 3448 1161 3518 οὐκ
1183 3459 1218 3519 ἐν
1246 3449 1459 3543 ᾦπρότερον

205 3559 300 3639 τόπῳ
333 3559 426 3641 παρὰ
455 3561 512 3619 τόν
545 3556 715 3639 αἰγιαλόν,
745 3556 829 3620 ἀλλά
859 3561 896 3619 τό
920 3555 1052 3642 ὑψηλόν
1076 3548 1180 3620 αὐτοῦ
1199 3557 1458 3640 καταλαβόντες.

294 3812 538 3866 λκαθείλκουσαν
556 3809 584 3860 Μ
670 3810 723 3863 imo
748 3806 798 3875 τὰς
820 3810 958 3880 πλσίμους
1045 3815 1059 3864 2
1084 3821 1183 3884 φυγεῖν
1201 3812 1231 3864 Μ
1318 3815 1412 3868 ῦτῶν
1431 3812 1460 3868 δὲ

207 3896 283 3967 αἰχμ.
302 3896 358 3949 VM
444 3890 538 3951 ἀλλων
556 3891 709 3965 κτημάτων
728 3889 779 3951 οὐκ
798 3890 882 3967 όλίγα
906 3897 968 3959 (hoo
993 3897 1062 3960 ord.)
1082 3895 1105 3948 Τ
1193 3901 1206 3948 ’ί
1226 3891 1331 3970 ἔφερεν
1347 3897 1373 3951 V

208 3984 222 4033 ε
242 3974 337 4037 αὐτῶν
357 3981 377 4032 B
482 3979 624 4046 τεμένεα
646 3971 681 4050 ἦν
704 3981 766 4045 (hoc
788 3981 857 4046 ord.)
876 3979 923 4035 UT
1042 3984 1072 4034 15
1090 3977 1280 4052 ιησιεύοπεσ
1297 3981 1355 4037 VM

208 4054 299 4132 ὦρτο
317 4068 359 4139 τῷ
376 4064 405 4117 Μ
503 4061 664 4130 διαλλάξιαν
677 4064 706 4117 Μ
800 4069 828 4118 16
846 4069 894 4121 καὶ
912 4061 1037 4139 πρὸς-
1060 4058 1199 4122 ἀπελθεῖν
1222 4066 1342 4134 nondum
1368 4079 1459 4119 emen·

208 4149 286 4215 data,
314 4150 365 4202 nisi
394 4150 465 4218 quod
492 4141 647 4206 ἀπέλθοιεν
673 4150 766 4217 Unger
792 4151 974 4219 probabiliter.
1099 4155 1128 4205 17
1150 4151 1203 4219 μὲν
1230 4145 1316 4208 όντεο
1343 4150 1373 4204 Μ

209 4237 240 4285 22
264 4232 442 4308 πράσσουσιν
466 4236 488 4288 Β
594 4239 624 4288 23
649 4239 698 4291 καὶ
721 4251 772 4289 om.
799 4235 821 4288 B
925 4229 1062 4290 ἁπάντων
1085 4239 1255 4304 suspectum
1284 4235 1375 4290 malim
1400 4238 1459 4290 τῶν

208 4318 346 4377 ἐναντίων
450 4324 482 4373 24
508 4317 625 4377 θέλουσι
652 4321 674 4373 Β
780 4323 810 4372 25
839 4314 969 4386 ὠφελίαν
998 4320 1028 4372 Μ
1132 4316 1242 4378 ἔσωθεν
1277 4321 1353 4387 libri,
1389 4336 1459 4375 corr.

208 4404 276 4457 Mor.
425 4409 457 4458 ‘29
488 4397 722 4461 ἀναπλεόσαντεσ
751 4403 775 4457 V
805 4407 884 4469 (corr.
916 4398 1028 4470 ἀναπν.)
1058 4405 1088 4459 Μ
1238 4409 1271 4460 39
1306 4400 1459 4479 περιεβάλ-

207 4488 336 4544 λοντοΤ
