3068 5160
704 300 839 357 ORATIO
861 302 909 359 XI.
1370 307 1385 365 1
1392 305 1430 366 17

106 486 163 541 οἰῶ
179 464 265 558 παρ’
297 478 427 558 ἑτέροις
453 474 603 560 ῥηθῆναι
624 475 681 537 καὶ
703 473 851 552 πολλούς
874 479 1073 542 πυθέσθαι·
1105 483 1232 543 τούτων
1256 477 1291 542 δὲ
1316 483 1349 541 οί
1369 485 1431 561 μέν

106 566 109 571 ’
178 595 268 651 τινες
292 565 330 637 ού
356 577 567 660 συνήσουσιν,
592 579 626 638 οἱ
650 573 685 638 δέ
705 583 1004 665 προσποιήσονται
1018 586 1254 668 καταφρονεῖν,
1277 572 1314 643 ού
1331 603 1430 643 κατα-

178 684 383 763 φρονοῦντες
405 669 526 754 αύτῶν,
551 681 584 740 οἱ
607 676 645 741 δέ
659 700 747 755 τινες
763 683 1037 768 ἐπιχειρήσουσιν
1056 680 1247 767 ἐξελέγχειν,
1272 677 1430 767 [μάλιστα

178 775 215 843 δὲ
239 775 338 857 οἶμαι
352 780 431 854 τούς
445 777 692 861 κακοδαίμονας
717 777 907 867 σοφιστάς]
949 786 1013 866 ἐγὼ
1038 781 1074 846 δέ
1097 787 1288 866 ἐπίσταμαι
1311 792 1431 871 σαφῶς

140 881 232 943 σδτι
255 871 334 941 οάδέ
356 881 434 961 ύμῖν
457 883 544 966 πρός
565 879 688 968 ήδονήν
711 884 856 946 ἔσονται.
896 887 929 946 οί
951 887 1012 970 γάρ
1037 884 1195 948 πλεῖστοι
1213 895 1280 950 τῶν
1296 889 1431 972 ἀνθρώ-

180 1001 257 1044 πων
286 983 394 1057 οὕτως
421 984 506 1064 ἄγαν
529 985 615 1046 εἰσίν
636 986 704 1046 ύπό
729 981 829 1071 δόξης
852 983 1103 1072 διεφθαρμένοι
1126 989 1186 1063 τάς
1209 990 1320 1071 ψυχάς
1344 991 1430 1052 ὥστε

176 1079 307 1164 μᾶλλον
335 1085 549 1164 ἐπιθυμοῦσι
577 1087 779 1172 περιβόητοι
808 1087 896 1150 εἶναι
924 1090 983 1150 ἐπὶ
1011 1095 1084 1165 τοῖς
1112 1091 1286 1171 μεγίστοις
1312 1092 1430 1176 ἀτυχή-

177 1201 283 1265 μασιν
304 1186 324 1271 ή
347 1182 452 1270 μηδὲν
474 1188 574 1248 κακόν
596 1189 727 1267 ἔχοντες
750 1191 962 1271 ἀγνοεῖσθαι.
1004 1193 1125 1266 αύτούς
1147 1193 1208 1277 γάρ
1233 1190 1330 1272 οἶμαι
1351 1195 1467 1267 τούςῖ

175 1278 348 1372 Ἀργείους
375 1290 419 1374 μή
449 1289 490 1349 ἀν
520 1285 654 1351 ἐθέλειν
683 1287 794 1365 άλλως
822 1297 993 1373 γεγονέναι
1021 1295 1062 1355 τά
1092 1296 1172 1378 περὶ
1198 1296 1255 1356 τόν
1280 1293 1430 1379 Θυέστην

132 1399 158 1454 1⁰
177 1391 235 1451 καί
256 1391 315 1451 τόν
335 1380 453 1474 Ἀτρέα
475 1392 531 1452 καί
553 1393 632 1466 τούς
653 1389 863 1469 Πελοπίδας,
887 1384 963 1455 ἀλλ’
990 1396 1168 1474 άχθεσθαι
1192 1393 1340 1481 σφόδρα,
1372 1399 1430 1458 ἐάν

179 1511 233 1571 τις
255 1487 406 1576 ἐξελέγχῃ
430 1494 509 1566 τούς
530 1493 665 1572 μύθους
687 1500 753 1555 τῶν
776 1493 968 1578 τραγῳδῶν,
992 1494 1096 1579 λέγων
1118 1501 1171 1560 ότι
1187 1498 1262 1560 οὔτε
1280 1497 1430 1582 Θυέστης

178 1595 353 1673 ἐμοίχευσε
376 1596 434 1680 τήν
456 1602 518 1655 τοῦ
528 1585 672 1679 Ἀτρέως
688 1597 763 1659 οὔτε
780 1600 906 1672 ἐκεῖνος
921 1599 1097 1662 ἀπέκτεινε
1113 1603 1192 1675 τούς
1206 1608 1268 1662 τοῦ
1281 1596 1431 1684 ἀδελφοῦ

179 1693 308 1772 παῖδας
332 1693 407 1758 οὐδὲ
430 1699 628 1779 κατακόψας
651 1699 802 1760 είστίασε
825 1701 883 1760 τόν
901 1699 1052 1787 Θυέστην
1073 1703 1149 1764 ούτε
1161 1694 1318 1786 Ὀρέστης
1334 1703 1430 1762 αύτό·

176 1819 248 1884 χειρ
272 1801 401 1881 ἐγένετο
424 1807 483 1885 της
504 1802 640 1884 μητρός.
680 1801 815 1862 ἅπαντα
839 1809 942 1864 ταύτα
966 1805 997 1865 εί
1021 1801 1111 1886 λέγοι
1133 1825 1195 1880 τις,
1216 1800 1374 1882 χαλεπῶς
1390 1803 1430 1864 ἀν

137 1906 160 1960 1ο
179 1905 316 1986 φέροιεν
339 1903 385 1975 ὡς
408 1898 672 1985 λοιδορούμενοι.
711 1904 749 1963 τό
775 1899 810 1964 δέ
834 1905 915 1965 αύτό
938 1912 1037 1965 τοῦτο
1059 1907 1120 1967 κάν
1139 1904 1310 1989 Θηβαίους
1333 1903 1465 1983 οίμαι8

179 2002 325 2080 παθεῖν,
349 2001 454 2078 εἴτις
476 2004 517 2064 τά
542 1994 626 2087 παρ’
653 2003 769 2078 αὐτοῖς
792 2005 985 2089 ἀτυχήματα
1010 2003 1116 2092 ψευδῆ
1141 2007 1349 2090 ἀποφαίνοι,
1375 2008 1432 2068 καί

180 2104 254 2166 οὔτε
284 2106 342 2167 τὸν
372 2108 503 2189 πατέρα
530 2101 698 2166 Οἰδίπουν
724 2106 969 2168 ἀποκτείναντα
994 2108 1069 2168 ούτε
1092 2115 1133 2192 τῇ
1154 2109 1256 2191 μητρί
1280 2111 1431 2190 συγγενό-

175 2190 278 2285 μενον
307 2197 388 2268 ούθ’
414 2208 533 2267 ἑαυτὸν
556 2203 781 2292 τυφλώσαντα
805 2208 880 2269 οὔτε
903 2211 981 2283 τούς
1004 2205 1133 2282 παῖδας
1156 2209 1261 2269 αὐτοῦ
1282 2211 1348 2294 πρδ
1372 2217 1434 2270 τού

178 2310 308 2388 τείχους
338 2309 582 2394 ἀποθανόντας
610 2300 674 2370 ύπ>
700 2304 866 2393 ἀλλήλων,
896 2302 978 2371 οὔθ’
1003 2312 1050 2385 ὡς
1071 2315 1090 2393 ή
1112 2308 1222 2395 Σφίγξ
1244 2313 1430 2398 ἀφικομένη

136 2417 160 2469 λλ
177 2410 359 2473 κατεσθίοι
380 2411 422 2471 τά
445 2415 541 2472 τέκνα
566 2411 685 2487 αὐτῶν,
710 2407 795 2471 ἀλλά
818 2411 1013 2474 τούναντίον
1028 2409 1169 2497 ήδονται
1185 2414 1362 2490 ἀκούοντες
1377 2417 1433 2477 καί

179 2515 237 2598 τήν
252 2514 385 2598 Σφίγγα
408 2513 694 2598 ἐπιπεμφθεῖσαν
718 2513 834 2586 αὐτοῖς
857 2510 914 2574 διά
934 2504 1149 2600 χόλονἭρας
1171 2519 1226 2578 καὶ
1244 2519 1302 2578 τὸν
1318 2520 1432 2579 Λάιον

177 2616 245 2678 ὑπὸ
276 2621 338 2676 τού
364 2615 455 2689 υἱέος
482 2615 708 2698 ἀναιρεθέντα
736 2616 793 2676 καί
820 2617 878 2676 τόν
911 2612 1079 2679 Οἰδίπουν
1108 2625 1212 2679 ταῦτα
1240 2621 1432 2703 ποιήσαντα

177 2717 233 2778 καί
255 2716 417 2778 παθόντα
439 2712 567 2801 τυφλόν
583 2713 745 2792 ἀλᾶσθαι,
767 2717 1005 2800 καὶπρότερον
1021 2715 1123 2780 ἀλλου
1138 2716 1307 2800 βασιλέως
1323 2720 1430 2781 αὐτῶν
1448 2719 1467 2781 9

177 2820 233 2880 καί
255 2826 315 2904 τῆς
338 2814 470 2891 πόλεως
487 2819 647 2894 οἰκιστοῦ,
667 2809 862 2902 Ἀμφίονος,
885 2820 964 2893 τούς
980 2817 1118 2897 παῖδας,
1141 2822 1338 2905 ἀνθρώπων
1353 2817 1431 2881 καλ-

135 2917 313 2994 λύλίστους
345 2925 558 3000 γενομένους,
591 2916 882 3006 κατατοξευθῆναι
908 2922 976 2982 ὑπὸ
999 2913 1215 2998 ’Λπόλλωνος
1240 2925 1297 2984 καί
1319 2914 1430 3008 Ἀρτέ-

176 3019 293 3102 μιδος·
328 3023 384 3083 καί
419 3029 523 3083 ταῦτα
559 3023 615 3082 καὶ
651 3019 841 3083 αὐλούντων
869 3025 926 3085 καί
956 3015 1107 3106 ᾀδόντων
1134 3028 1311 3105 ἀνέχονται
1343 3017 1427 3111 παρ’

177 3127 293 3199 αὐτοῖς
321 3126 356 3185 ἐν
386 3121 433 3205 τῴ
462 3124 617 3207 θεάτρῳ,
650 3126 706 3185 καί
734 3124 894 3186 τιθέασιν
924 3122 1017 3187 ἆθλα
1049 3131 1127 3214 περὶ
1155 3131 1300 3204 τούτων,
1330 3127 1368 3202 δς
1390 3129 1430 3190 ἂν

178 3228 376 3311 οἰκτρότατα
408 3223 487 3309 εἴπη
518 3227 597 3310 περί
626 3216 736 3287 αὐτῶν
765 3227 784 3310 ή
818 3217 963 3311 αὐλήσῃ·
993 3231 1051 3290 τόν
1080 3226 1115 3290 δὲ
1145 3232 1287 3292 εἰπόντα
1318 3231 1364 3304 ὡς
1391 3220 1429 3290 ού

177 3333 309 3411 γέγονεν
336 3317 434 3389 οὐδὲν
464 3318 574 3389 αἰτῶν
603 3323 830 3407 ἐκβάλλουσιν.
883 3330 932 3402 εἰς
961 3337 1060 3391 τούτο
1088 3333 1213 3410 μανίας
1243 3334 1277 3392 οἱ
1306 3328 1429 3393 πολλοὶ
1443 3334 1481 3396 10

106 3438 159 3492 δύο
178 3427 368 3515 ἐληλύθασι
388 3430 445 3491 καί
468 3430 554 3490 οὕτω
578 3431 667 3490 πάνυ
691 3430 831 3512 ότῦφος
848 3421 958 3492 αὐτῶν
973 3433 1178 3516 κεκράτηκεν.
1217 3433 1431 3511 ἐπιθυμοῦσι

177 3534 238 3618 γάρ
270 3534 316 3607 ὡς
345 3527 506 3592 πλεῖστον
536 3532 621 3616 ὑπὲρ
653 3522 763 3592 αὐτῶν
791 3532 971 3613 γίγνεσθαι
994 3529 1107 3612 λόγον·
1139 3535 1261 3595 ὁποῖον
1285 3530 1322 3594 δέ
1344 3554 1430 3610 τινα,

178 3626 283 3697 ούθὲν
311 3630 407 3714 μέλει
436 3623 560 3707 αι’τοῖς.
612 3630 698 3708 όλως
726 3630 761 3694 δὲ
792 3634 935 3711 πάσχειν
957 3635 1017 3711 μὲν
1041 3623 1077 3694 σι’
1103 3631 1248 3696 θέλουσι
1270 3635 1312 3696 τά
1337 3632 1429 3696 δεινά

264 3873 279 3922 3
296 3864 420 3938 μάλιστα
432 3897 464 3907 -
482 3863 622 3939 σοφιστὰς
639 3868 803 3938 interpolata
820 3867 918 3923 seclusi
992 3873 1007 3922 5
1027 3859 1075 3925 δι’
1094 3863 1159 3926 οὐδὲ
1177 3868 1234 3936 UT,
1254 3829 1347 3925 διίυόε
1365 3869 1429 3934 (εἰεί

177 3946 402 4019 οὖσω.δίν.)ί
449 3946 648 4025 9άργίουσῑί
702 3948 739 4023 μὴ
757 3948 795 4010 άν
813 3950 928 4009 ἓλεῑνλ
982 3952 1138 4010 θυέστινῦ
1193 3958 1221 4007 11
1242 3958 1301 4010 ταῖν
1319 3973 1428 4024 τράγω-

176 4042 234 4096 όαῖν
251 4055 304 4094 om.
324 4037 372 4094 UT
457 4037 575 4094 θυέστισ
593 4037 616 4092 U
633 4052 668 4090 m.
686 4053 728 4106 pr.
819 4040 849 4091 12
866 4035 1075 4110 έμυίχευσενί
1152 4029 1359 4095 ἀπέκιεινενῑί

179 4129 209 4180 13
224 4121 291 4182 οὔτε
302 4119 479 4194 κατακόψασ
490 4122 560 4189 libri,
574 4137 643 4177 corr.
657 4122 737 4191 Emp.
784 4122 899 4178 θυέσιιν
910 4139 945 4178 m.
958 4139 997 4192 pr.
1013 4121 1036 4178 U
1089 4118 1156 4179 οὔτε
1169 4122 1201 4189 V,
1215 4116 1280 4180 οάόί
1291 4122 1376 4177 ceteri

180 4214 209 4265 15
227 4205 283 4267 κάν
301 4209 388 4278 Ειιιρ,
405 4210 454 4264 καί
470 4207 534 4262 libri
599 4211 629 4261 16
642 4205 678 4265 τὰ
690 4199 764 4279 παρ’
781 4200 978 4264 αύτοῖσ-άσ
995 4203 1063 4264 οὔτε
1080 4223 1131 4262 om.
1145 4206 1194 4262 UT
1257 4198 1428 4271 xalReiske}

177 4289 220 4352 άσ
232 4294 296 4350 libri
350 4297 379 4349 18
399 4285 653 4350 οὕτεαάτδνῐίΒΤ
706 4297 738 4347 20
757 4288 1067 4350 αύταῖνέπιδεικνύοιΤ
1121 4295 1153 4345 22
1171 4288 1339 4348 υίέωσΠιυ.
1352 4306 1393 4361 pr.

175 4375 229 4436 τὸν
246 4380 349 4436 δίπουν
364 4378 390 4434 U
407 4393 443 4434 m.
462 4393 504 4447 pr.
580 4381 612 4432 26
631 4382 720 4435 ταῦτα
740 4372 905 4434 αὐλούντων
922 4380 983 4443 (om.
1002 4375 1103 4440 καὶ)Τ
1190 4379 1222 4430 28
1241 4373 1359 4433 είιιοιΤ

175 4468 207 4519 30
225 4460 395 4536 ἐληλύθασιν
413 4463 436 4519 U
506 4453 600 4521 οὕτωσ
619 4462 643 4517 V
713 4465 745 4516 32
765 4451 843 4518 δλωσ
860 4461 890 4517 δὲ
908 4460 945 4525 Μ,
965 4455 1045 4529 ὅμως
1063 4460 1093 4518 δὲ
1111 4461 1194 4515 ceteri
