3068 5160
639 361 776 418 ORATIO
794 360 856 416 XII.
1310 361 1369 421 167

119 544 293 614 πανταχοῦ
306 541 365 623 τήν
382 539 553 618 ἀκρίβειαν
565 533 719 611 κοπῶδες
730 538 786 598 καί
797 537 838 597 τά
852 538 931 619 περί
941 538 1020 610 τούς
1033 533 1151 616 λόγους
1163 533 1259 598 οὐδὲν
1271 537 1371 622 ήττον

119 639 171 712 οίς
192 636 287 717 μέλει
311 636 468 724 πλήθους
489 642 602 718 μόνον,
632 635 727 700 οὐδὲν
751 631 810 721 [δὲ]
833 641 1058 720 προειπόντες
1081 635 1157 698 οὐδὲ
1182 636 1372 702 διαστειλά-

118 760 213 820 μενοι
237 742 399 822 περὶτοῦ
420 743 635 824 πράγματος,
666 739 741 801 οὐδὲ
765 741 836 800 ἀπό
859 760 951 814 τινος
974 740 1076 824 ἀρχῆς
1102 740 1284 822 ἀρχόμενοι
1307 748 1373 801 τῶν

120 840 235 924 λόγων,
260 834 335 903 ἀλλ’
365 843 446 902 αύτό
468 862 514 923 γε,
540 844 585 916 ὥς
609 859 725 926 φασιν,
748 838 914 916 ἀπλύτοις
936 842 1022 903 ποσὶ
1038 837 1185 916 διεξίασι
1207 842 1248 901 τά
1273 862 1373 926 φανε-

80 947 251 1028 5ρώτατα
273 945 330 1006 καί
351 947 550 1025 γυμνότατα.
589 946 646 1006 καὶ
660 941 777 1005 ποδῶν
800 945 861 1023 μὲν
884 939 1044 1003 ἀπλύτων
1068 943 1105 1002 ού
1123 939 1249 1026 μεγάλη
1266 940 1373 1025 βλάβη
1462 972 1465 976 ·

119 1043 176 1107 διά
199 1067 235 1107 τε
259 1042 371 1130 πηλοῦ
390 1047 446 1107 καὶ
467 1042 604 1107 πολλῶν
626 1046 856 1130 καθαρμάτων
880 1047 1010 1120 ἰόντων,
1033 1040 1183 1127 γλώττης
1206 1041 1242 1106 δὲ
1259 1045 1375 1105 ἀνεπι-

120 1149 286 1231 στήμονος
310 1149 348 1209 ού
370 1148 472 1229 μικρά
502 1142 603 1231 ζημία
632 1149 780 1229 γίγνεται
806 1151 879 1220 τοῖς
907 1146 1144 1229 ἀκροωμένοις.
1194 1141 1279 1206 ἀλλά
1313 1146 1375 1227 γάρ

119 1251 208 1323 είκδς
230 1251 309 1323 τούς
332 1247 634 1329 πεπαιδευμένους,
654 1249 705 1311 ὧν
729 1246 825 1329 λόγον
841 1248 916 1309 τινά
932 1249 1019 1325 ἔχειν
1035 1243 1141 1323 ἀξιον,
1167 1244 1376 1323 συνεξανύειν

118 1352 175 1412 καί
205 1356 436 1426 συνεκπονεῖν,
465 1355 581 1434 μέχρις
611 1352 651 1412 ἀν
680 1353 727 1425 ὡς
755 1353 791 1411 ἐκ
818 1358 955 1435 καμπῆς
983 1368 1076 1422 τινος
1102 1350 1158 1409 καὶ
1189 1346 1377 1431 δυσχωρίας

69 1461 97 1513 10
117 1454 380 1536 καταστήσωμεν
403 1455 452 1526 είς
475 1453 614 1514 εὐθεῖαν
637 1454 715 1526 τούς
739 1449 865 1533 λόγους.

204 1561 307 1636 τριῶν
331 1551 369 1638 δή
395 1559 625 1637 προκειμένων
653 1558 814 1634 γενέσεων
844 1562 903 1639 τῆς
926 1549 1103 1632 δαιμονίου
1133 1544 1216 1634 παρ’
1243 1553 1429 1636 ἀνθρώ-44

120 1675 201 1730 ποις
224 1652 448 1740 ὑπολήψεως,
472 1657 624 1740 ἐμφύτου
632 1704 642 1732 ,
665 1663 863 1741 ποιητικῆς,
890 1664 1045 1741 νομικῆς,
1075 1657 1236 1738 τετάρτην
1262 1661 1378 1738 φῶμεν

119 1760 178 1841 τήν
209 1753 396 1842 πλαστικήν
419 1759 534 1819 τεκαὶ
564 1755 801 1843 δημιουργικήν
830 1763 897 1818 τῶν
921 1757 1064 1840 περὶτὰ
1086 1758 1170 1818 θεῖα
1201 1752 1377 1836 ἀγάλματα

119 1860 257 1932 καὶτὰς
280 1860 423 1936 εἰκόνας,
448 1857 531 1940 λέγω
557 1856 592 1920 δὲ
615 1863 773 1943 γραφέων
796 1880 831 1920 τε
853 1860 910 1920 καί
932 1856 1227 1941 ἀνδριαντοποιῶν
1249 1860 1307 1919 καί
1331 1855 1378 1918 λι-

69 1974 97 2024 15
119 1958 256 2037 θοξόων
285 1963 341 2023 καί
370 1963 498 2034 παντός
527 1957 647 2034 ἁπλῶς
675 1968 737 2020 τοῦ
763 1957 1038 2036 καταξιώσαντος
1068 1961 1168 2020 αύτόν
1199 1960 1379 2043 ἀποφῆναι

118 2066 265 2147 μιμητήν
290 2060 346 2124 διά
369 2067 485 2145 τέχνης
506 2070 566 2145 τῆς
591 2058 770 2140 δαιμονίας
794 2064 938 2146 φύσεως,
964 2059 1032 2123 εἴτε
1057 2061 1265 2144 σκιαγραφίᾳ
1287 2057 1378 2139 μάλα

120 2166 267 2225 ἀσθενεῖ
287 2165 343 2224 καὶ
372 2159 530 2246 ἀπατηλῇ
562 2165 649 2246 πρός
678 2165 778 2244 όψιν,
805 2165 994 2246 χρωμάτων
1022 2159 1114 2242 μίξει
1141 2163 1197 2223 καί
1208 2147 1379 2246 γραμμῆς

120 2269 185 2347 δρῳ
212 2263 329 2343 σχεδδν
351 2267 389 2325 τό
413 2265 655 2347 ἀκριβέστατον
678 2261 987 2348 περιλαμβανούσῃ,
1012 2264 1080 2326 εἴτε
1102 2260 1211 2325 λίθων
1234 2259 1379 2347 γλυφαῖς

121 2367 188 2428 εἴτε
213 2364 341 2442 ξοάνων
363 2368 548 2448 ἐργασίαις,
571 2358 647 2428 κατ’
673 2357 786 2449 ὀλίγον
801 2375 861 2452 τῆς
879 2371 995 2451 τέχνης
1018 2367 1233 2450 ἀφαιρούσης
1255 2366 1294 2425 τό
1320 2383 1379 2432 πε·

70 2482 99 2532 Μ
121 2472 250 2552 ριττόν,
280 2471 343 2542 ἕως
366 2469 406 2529 ἀν
428 2465 599 2552 καταλίπῃ
624 2471 704 2531 αύτό
727 2471 765 2530 τό
791 2471 996 2554 φαινόμενον
1026 2465 1132 2544 εἶδος,
1163 2466 1230 2530 εἴτε
1254 2469 1397 2549 χωνείᾳ·

18 2589 67 2638 σοι
76 2587 108 2637 Μ)
119 2568 245 2650 χαλκοῦ
264 2571 320 2631 καί
341 2577 408 2630 τῶν
432 2571 560 2631 όαοίων
582 2573 645 2632 δσα
668 2573 765 2650 τίμια
782 2569 839 2634 διά
859 2573 967 2655 πυράς
988 2567 1181 2631 ἐλαθέντων
1196 2571 1215 2653 ή
1233 2572 1378 2652 ῥυέντων

120 2675 182 2734 ἐπί
203 2694 298 2746 τινας
320 2674 463 2748 τύπους,
487 2671 555 2734 εἴτε
576 2681 681 2757 κηροῦ
703 2670 829 2735 πλάσει
851 2671 960 2756 ῥᾷστα
985 2668 1314 2748 ξυνακολουθοῦντος
1336 2679 1377 2754 τῆ

121 2780 216 2859 τέχνη
232 2776 288 2836 καί
304 2771 466 2836 πλεῖστον
481 2771 722 2855 ἐπιδεχομένου
739 2778 776 2837 τό
793 2783 852 2860 τῆς
867 2775 1064 2853 μετανοίας·
1090 2773 1162 2846 οίος
1176 2768 1216 2856 ήν
1233 2768 1376 2845 Φειδίας
1389 2778 1429 2838 45

121 2899 157 2939 τε
179 2880 235 2938 καὶ
254 2869 457 2960 Ἀλκαμένης
478 2879 535 2938 καί
556 2874 800 2953 Πολύκλειτος,
831 2878 882 2938 ἔτι
906 2873 941 2937 δὲ
961 2867 1160 2959 Ἀγλαοφῶν
1175 2868 1246 2935 «καί
1266 2870 1377 2935 Πολύ-

70 2991 99 3040 25
121 2999 248 3059 γνωτος
263 2979 319 3039 καί
334 2975 453 3053 Ζεῦξις
467 2980 524 3039 καὶ
539 2982 705 3062 πρότερος
729 2981 837 3041 αύτῶν
854 2974 1068 3051 όΔαίδαλος.
1108 2977 1146 3037 ού
1162 2976 1224 3059 γάρ
1248 2977 1375 3058 ἀπέχρη

123 3082 257 3152 τούτοις
272 3081 352 3160 περὶ
367 3075 472 3139 τάλλα
493 3077 755 3142 ἐπιδείκνυσθαι
770 3083 829 3165 τήν
846 3082 954 3141 αὐτῶν
978 3076 1153 3163 δεινότητα
1169 3079 1225 3139 καί
1241 3078 1377 3161 σοφίαν,

124 3177 208 3240 ἀλλά
231 3181 287 3241 καὶ
309 3181 401 3240 θεῶν
429 3182 559 3255 εἰκόνας
580 3183 637 3244 καὶ
660 3179 837 3256 διαθέσεις
866 3178 1091 3254 παντοδαπάς
1120 3177 1377 3253 ἐπιδεικνύντες,

124 3279 196 3364 ἰδίᾳ
212 3303 247 3343 τε
263 3282 319 3343 καί
335 3278 482 3364 δημοσίᾳ
501 3285 665 3366 χορηγούς
680 3283 741 3356 τάς
764 3280 883 3357 πόλεις
907 3280 1142 3362 λαμβάνοντες,
1167 3279 1295 3368 πολλῆς
1310 3285 1378 3343 ε’νέ·

212 3500 372 3552 1κοπῶδεσ
382 3497 411 3550 Μ
423 3501 525 3552 σκοπῶ
537 3497 567 3554 δὲ
580 3497 676 3552 PYUB
744 3500 792 3552 καὶ
810 3492 846 3553 τὰ
865 3500 916 3550 etc.
936 3503 1084 3565 υοωυριας
1102 3504 1233 3565 exspecto
1251 3493 1306 3555 κάν
1317 3508 1378 3563 τοῖς

124 3586 189 3655 περὶ
201 3587 280 3638 θεῶν
292 3578 395 3652 λόχοιο
457 3585 472 3633 2
483 3587 546 3650 post
557 3571 645 3652 ἧττον
656 3583 782 3637 lacunam
796 3586 895 3646 statuo,
913 3581 952 3635 sic
964 3579 1023 3634 fere
1035 3581 1209 3648 explendam:
1228 3572 1318 3650 (ὅθεν
1330 3587 1377 3638 καὶ

123 3671 227 3723 πολλοὶ
236 3670 295 3723 τῶν
304 3667 465 3737 σοφιστῶν)
477 3661 521 3732 οίς
531 3667 609 3736 μέλει
619 3672 671 3721 etc.
730 3661 813 3723 ούδὲν
824 3667 854 3724 δὲ
862 3667 901 3732 Μ,
914 3665 944 3723 δὲ
955 3681 1007 3720 om.
1020 3664 1103 3718 celeri
1160 3662 1379 3737 όιαοτηλάμενοι

124 3752 154 3806 Μ
172 3757 198 3817 (λ
221 3753 251 3805 in
268 3755 331 3818 ras)
354 3747 574 3823 διαστησάμενοι
592 3752 614 3805 Β
684 3755 701 3804 4
725 3745 888 3824 αύτογενῶς
907 3750 985 3805 ΜΡΥ
1008 3744 1135 3807 αὐτόθεν
1157 3752 1227 3806 coni.
1248 3751 1310 3806 Wil.

124 3856 209 3908 φησιν
221 3837 274 3890 ΒΜ
335 3827 519 3893 ἀπαύτοισΜ
581 3833 779 3908 ὁγυμνότατα
796 3843 953 3906 suspectum
965 3836 1050 3903 (Wil.)
1110 3839 1159 3891 καὶ
1176 3851 1227 3891 om.
1241 3835 1270 3888 M
1323 3829 1377 3892 ἀπ’

125 3917 261 3978 αύτῶνΜ
318 3917 387 3978 θόιά
401 3941 432 3977 τε
445 3924 559 3977 πελτῶν
571 3921 616 3976 ΡΥ
675 3922 897 3994 ἵγίνεταιΠΒΥ
954 3917 1169 3993 8λόγωνῑίΜΥ
1229 3915 1291 3976 τινά
1305 3916 1376 3976 εἰκό·

125 4027 185 4064 τωσ
197 4003 272 4077 ἔχειν
284 4004 365 4073 ἀξιον
377 4001 451 4076 ἔχων
463 4006 525 4060 libri
536 4005 570 4070 (Y
583 4022 634 4061 om.
649 4002 732 4076 ἔχων)
744 4021 813 4062 corr.
826 4007 928 4062 Jacobs
981 4012 996 4061 9
1008 4007 1092 4080 μέχρι
1104 4007 1135 4061 Μ
1187 3995 1287 4076 άίσπερ
1298 4005 1328 4058 Μ

127 4092 221 4147 llimo
233 4087 467 4162 προεκκειμένων
522 4086 642 4162 13παρά
653 4085 688 4147 τά
700 4091 747 4145 ΡΥ
798 4097 865 4149 θεῖα
874 4088 1069 4163 γράμματαΜ
1131 4087 1244 4161 λόλὲγω
1255 4087 1286 4159 δή
1297 4089 1343 4143 ΡΥ

128 4182 159 4232 16
170 4179 364 4249 σκιαγραφεία
374 4177 404 4230 Μ
451 4180 537 4231 totum
547 4176 635 4230 locum
645 4176 684 4230 sic
694 4177 836 4232 constituit
845 4176 963 4246 Kayser:
977 4173 1035 4234 εἴτε
1045 4196 1156 4248 οκιαγρ.
1166 4172 1243 4245 μάλα
1253 4169 1321 4233 ἀοθ.
1330 4178 1378 4231 καὶ

127 4267 257 4332 γραμμῆς
276 4253 336 4337 δρηι
348 4282 391 4332 σχ.
405 4257 439 4318 τὸ
453 4254 517 4331 ἀκρ.
531 4265 683 4334 περιλαμβ.
696 4258 753 4319 εἴτε
767 4256 898 4335 ἀπατηλῇ
911 4260 986 4336 πρὸς
996 4260 1066 4334 δψιν
1075 4283 1121 4334 χρ.
1138 4264 1210 4331 μίξει
1275 4265 1306 4314 18
1317 4249 1380 4337 δίρᾳ

127 4362 175 4414 pro
188 4336 249 4418 δρφ
261 4347 308 4400 ΡΥ
372 4341 645 4419 περιλαμβανούσησ
656 4347 727 4413 libri,
746 4363 815 4402 corr.
831 4348 930 4402 Reiske
996 4351 1027 4400 19
1046 4342 1152 4418 ὀλίγων
1165 4346 1194 4398 Μ
1246 4349 1279 4399 20
1293 4365 1379 4401 κατα·

127 4432 194 4499 λίπῃ
204 4426 238 4486 τὸ
250 4428 351 4488 αὐτοῖο
360 4432 429 4497 libri,
439 4432 855 4496 (καταλίποιΠκαταλιπεῖνΜ)
866 4447 935 4485 corr.
947 4431 1090 4500 Emperius
1135 4434 1165 4485 23
1177 4425 1381 4502 τῆσδτιονοίασ

126 4514 173 4567 ΡΥ
225 4515 361 4584 φιόίασΜ
414 4521 445 4570 25
456 4521 508 4574 τοῦ
518 4533 567 4586 pro
577 4513 650 4574 ούΜ
708 4512 787 4573 κοιλ
801 4513 912 4573 άλλαΜ
974 4521 1005 4569 27
1017 4509 1090 4574 ἀλλά
1104 4521 1183 4574 θεῶν
1193 4521 1255 4582 (om.
1265 4519 1324 4582 καί)
1334 4516 1381 4571 Pl'
