3068 5160
202 280 262 339 174
571 281 694 336 DIONIS
712 280 763 334 DE
779 280 845 335 DEI
863 277 1090 336 COGNITIONE

199 460 307 541 ράσας
330 454 446 539 πολλῷ
469 454 596 537 μάλλον
618 459 637 540 ἢ
661 456 702 516 τὰ
722 458 883 538 χρώματα
908 455 942 514 οί
956 454 1090 538 βαφεῖς,
1115 454 1152 514 ού
1166 457 1269 535 μόνον
1284 459 1351 514 τῶν
1367 442 1456 512 καθ’

201 562 317 636 αὐτόν,
347 557 431 620 ἀλλὰ
461 560 517 619 καὶ
540 565 606 620 τῶν
629 561 811 643 πρότερον,
841 557 876 619 εἴ
895 559 962 617 πού
985 578 1019 618 τι
1048 558 1137 642 ῥῆμα
1160 552 1372 630 ἐκλελοιπός,
1400 555 1459 616 καὶ

199 669 298 722 τούτο
322 659 499 741 ἀναλαβὼν
524 661 639 743 ὥσπερ
656 663 805 739 νόμισμα
822 661 960 743 ἀρχαῖον
976 660 1012 719 ἐκ
1027 659 1207 742 θησαυροῦ
1221 657 1333 718 ποθεν
1358 652 1459 717 ἀόεσ·

149 763 189 824 67
202 766 309 824 πότου
334 761 389 824 ύιά
415 760 695 847 φιλορρηματίαν,
720 759 830 822 πολλοὶ
855 759 890 823 όέ
913 749 969 823 καί
990 761 1170 844 βαρβάρων
1194 761 1353 838 όνόματα,
1384 778 1459 842 φει-

201 861 341 944 ύόμενος
374 860 509 938 ούύενός
537 867 601 940 ύ,τι
629 867 732 943 μόνον
767 862 888 950 ηόονην
916 865 935 948 ἢ
973 859 1188 948 σφοδρότητα
1223 857 1339 938 ἔδοξεν
1368 857 1499 940 αὐτῴό

202 959 315 1050 [ῥῆμα]
338 967 441 1045 ἔχειν·
464 968 552 1049 πρός
576 963 611 1028 όέ
634 969 768 1040 τούτοις
789 970 990 1051 μεταφέρων
1014 965 1051 1025 ού
1070 965 1111 1025 τά
1134 970 1329 1046 γειτνιῶντα
1352 965 1459 1042 μόνον

200 1064 276 1127 οόόὲ
301 1068 370 1128 ἀπό
394 1075 460 1129 τῶν
483 1069 634 1149 ἐγγύθεν,
658 1064 743 1127 ἀλλὰ
767 1067 807 1128 τά
832 1064 993 1129 πλεῖστον
1009 1067 1189 1144 ἀπέχοντα,
1212 1068 1307 1139 ὅπως
1328 1061 1457 1149 κηλήσῃ

198 1170 256 1229 τὸν
279 1170 444 1254 ἀκροατὴν
466 1161 542 1248 μετ’
568 1166 760 1254 ἐκπλήξεως
781 1170 1061 1253 καταγοητεύσας,
1086 1170 1142 1230 καὶ
1159 1165 1234 1228 ούύέ
1250 1174 1356 1228 ταῦτα
1371 1167 1457 1227 κατὰ

196 1272 309 1353 χώραν
331 1273 405 1346 ἐῶν,
430 1268 514 1331 ἀλλά
537 1273 578 1332 τὰ
601 1273 662 1351 μέν
684 1274 854 1354 μηκύνων,
878 1271 918 1330 τά
943 1267 986 1331 όέ
1004 1276 1186 1354 συναιρῶν,
1213 1269 1254 1329 τά
1285 1266 1320 1330 όέ
1344 1265 1457 1342 άλλως

200 1377 445 1455 παρατρέπων·
469 1370 631 1435 τελευτῶν
648 1370 683 1434 di
707 1375 807 1434 αὐτόν
826 1370 1020 1457 ἀπέφαινεν
1043 1373 1081 1432 ού
1104 1375 1207 1450 μόνον
1229 1375 1360 1454 μέτρων
1377 1390 1456 1432 ποι·
1478 1380 1505 1429 10

146 1475 186 1540 68
197 1476 294 1558 ητήν,
319 1472 403 1536 ἀλλά
425 1477 481 1536 καί
496 1478 664 1560 ῥημάτων,
689 1465 773 1558 παρ’
800 1476 904 1538 αύτού
926 1475 1168 1558 φθεγγόμενος,
1191 1473 1233 1533 τὰ
1253 1475 1314 1552 μὲν
1330 1471 1451 1546 άπλῶς
1464 1484 1511 1535 (214
1525 1503 1534 1519 ·»

198 1578 379 1657 τιθέμενος
402 1580 550 1656 ὀνόματα
573 1583 646 1651 τοῖς
669 1580 856 1662 πράγμασι,
880 1579 921 1638 τά
946 1570 978 1638 δ’
1004 1577 1064 1637 ἐπὶ
1079 1565 1158 1648 ’τοῖς
1179 1575 1308 1657 κυρίοις
1330 1577 1455 1637 ε’πονο-

197 1674 321 1758 μάζων,
345 1679 417 1739 οἷον
442 1677 612 1764 σφραγῖδα
637 1677 801 1764 σφραγῖδι
824 1668 1018 1758 ἐπιβάλλων
1041 1680 1160 1762 ἐναργῆ
1183 1673 1308 1756 μᾶλλον
1322 1679 1378 1738 καί
1400 1678 1453 1738 εύ-

198 1778 315 1865 ἀηλον,
347 1778 481 1855 ούόενός
511 1782 665 1866 φθόγγου
697 1784 921 1862 ἀπεχόμενος,
952 1777 1036 1841 ἀλλά
1060 1781 1207 1863 ἔμβραχυ
1231 1785 1391 1858 ποταμῶν
1414 1799 1453 1839 τε

197 1886 403 1963 μιμούμενος
427 1885 544 1968 φωνάς
565 1886 621 1945 καὶ
643 1881 723 1968 ύλης
744 1886 801 1946 καί
824 1856 955 1964 ἀνέμων
978 1884 1034 1944 καὶ
1060 1884 1167 1966 πυρός
1189 1883 1246 1943 καὶ
1267 1877 1453 1964 θαλάττης,
1477 1888 1505 1938 15

197 1987 247 2046 ἔτι
278 1982 313 2046 όέ
333 1983 460 2064 χαλκοῦ
479 1988 536 2048 καὶ
559 1983 660 2047 λίθου
689 1988 745 2048 καί
774 1984 977 2066 ξυμπάντων
1006 1981 1124 2058 ἁπλῶς
1154 1979 1248 2064 ζῴων
1270 1984 1327 2044 καί
1354 1985 1452 2067 ὀργά-

196 2110 277 2163 νων,
306 2097 405 2150 τούτο
433 2089 494 2168 μέν
523 2089 673 2172 θηρίων,
703 2096 802 2149 τούτο
833 2086 868 2149 όέ
899 2088 1064 2170 ὀρνίθων,
1093 2093 1192 2146 τοῦτο
1223 2081 1259 2146 ἀὲ
1284 2081 1393 2145 αύλῶν
1414 2104 1451 2146 τε

195 2192 251 2251 καί
276 2192 454 2274 συρίγγων·
477 2192 622 2268 καναχάς
644 2192 758 2252 τεκαὶ
779 2191 928 2271 βόμβους
942 2191 998 2250 καὶ
1019 2192 1146 2250 κτύπον
1167 2189 1223 2250 καὶ
1246 2183 1375 2248 ύούπον
1396 2187 1453 2246 καὶ

197 2292 325 2374 ἄραβον
354 2299 489 2373 πρῶτος
518 2289 659 2374 ἐξευρὼν
681 2293 737 2353 καί
767 2295 938 2371 ὀνομάσας
961 2293 1137 2371 ποταμούς
1160 2311 1197 2352 τε
1217 2291 1453 2372 μορμύροντας

196 2395 252 2464 καί
273 2391 352 2477 βέλη
376 2389 538 2468 κλάζοντα
560 2395 617 2454 καί
638 2394 770 2472 βοῶντα
793 2397 923 2473 κύματα
945 2396 1002 2456 καί
1016 2390 1285 2473 χαλεπαίνοντας
1308 2393 1453 2471 ἀνέμους
1475 2399 1504 2452 20

196 2497 252 2557 καὶ
273 2492 358 2556 ἀλλα
381 2485 521 2556 τοιαῦτα
546 2491 638 2555 όεινά
660 2496 717 2555 καὶ
739 2496 852 2556 ἀτοπα
875 2493 922 2576 τῴ
946 2497 1017 2556 όντι
1039 2496 1218 2573 θαύματα,
1242 2489 1372 2578 πολλὴν
1394 2495 1452 2573 ἐμ-

145 2595 186 2659 69
195 2595 362 2678 βάλλοντα
398 2605 439 2681 τῇ
466 2599 579 2681 γνώμη
614 2597 759 2680 ταραχήν
788 2599 843 2658 καί
872 2598 1039 2680 θόρυβον·
1076 2598 1162 2658 ὥστε
1197 2597 1255 2656 ούκ
1289 2591 1329 2679 ἦν
1359 2593 1450 2676 αύτῷ

196 2702 325 2784 ἀπορία
356 2700 511 2785 φοβερῶν
540 2701 715 2777 όνομάτων
737 2700 793 2760 καὶ
815 2695 938 2779 ηόέων,
966 2700 1017 2759 ἔτι
1040 2696 1075 2760 όέ
1101 2695 1198 2760 λείων
1220 2699 1277 2760 καὶ
1298 2701 1449 2781 τραχέων

194 2804 249 2864 καὶ
264 2804 386 2886 μυρίας
402 2797 507 2874 ἄλλας
522 2802 665 2878 ἐχόντων
690 2797 861 2884 όιαφορὰς
884 2802 918 2862 ἔν
941 2821 976 2862 τε
999 2805 1073 2874 τοῖς
1090 2803 1185 2884 ἤχοις
1206 2800 1263 2861 καί
1284 2803 1359 2874 τοῖς
1376 2795 1449 2860 ύια-

195 2904 368 2986 νοήμασιν.
423 2893 485 2986 ύφ)
523 2901 562 2986 ης
591 2903 778 2976 ἐποποιίας
814 2899 955 2976 όυνατύς
983 2898 1022 2985 ἦν
1051 2904 1172 2963 ὁποῖον
1201 2897 1358 2981 ἐβούλετο
1390 2903 1448 2979 ἐμ·
1470 2909 1498 2962 Μ

195 3013 340 3088 ποιῆσαι
368 3011 408 3088 τῇ
437 3011 529 3087 ψυχῇ
552 3005 679 3078 πάθος.
809 3007 847 3064 τό
872 3001 907 3065 ύέ
930 3008 1089 3088 ημέτερον
1113 3003 1157 3064 αὖ
1180 3007 1291 3086 γένος,
1321 3005 1360 3064 τὸ
1381 3022 1450 3081 χει-

194 3108 396 3188 ρωνακτικὸν
418 3107 474 3166 καὶ
492 3102 737 3190 δημιουργικόν,
762 3103 892 3191 ούόαμῇ
907 3108 1096 3191 ἐφικνεῖται
1111 3114 1170 3191 τῆς
1184 3107 1344 3189 τοιαύτης
1360 3101 1450 3166 ἐλευ-

194 3208 326 3290 θερίας,
349 3203 434 3266 άλλά
458 3214 594 3290 πρῶτον
617 3210 677 3286 μὲν
700 3205 780 3291 ύλης
804 3206 1058 3290 προσδεόμεθα,
1083 3205 1259 3292 ἀσφαλοῦς
1280 3209 1341 3286 μέν
1361 3207 1449 3268 ὥστε

195 3308 381 3390 διαμεῖναι,
411 3305 518 3369 πολύν
548 3306 582 3370 όέ
612 3311 752 3393 ἐχούσης
779 3313 928 3389 κάματον
959 3311 1174 3395 πορισθῆναί
1194 3330 1230 3372 τε
1253 3309 1292 3371 ού
1315 3306 1447 3394 ῥᾳδίας,

144 3409 183 3470 70
194 3410 245 3470 ἔτι
269 3405 303 3469 ἀὲ
329 3411 385 3470 ούκ
410 3407 530 3491 όλίγων
555 3419 729 3495 συνεργῶν.
769 3415 856 3496 πρός
880 3410 915 3474 ἀὲ
939 3412 982 3472 αὖ
1002 3415 1136 3487 τούτοις
1159 3413 1193 3474 ἐν
1217 3419 1326 3497 σχῆμα
1350 3413 1447 3471 ε’κάσ·
1469 3418 1498 3469 30

279 3682 289 3728 1
311 3679 409 3750 πολλῷ
429 3690 480 3727 om.
499 3675 524 3730 U
577 3681 592 3729 2
611 3669 688 3747 ῥῆμά
706 3695 732 3731 τι
751 3675 805 3729 ΒΜ
862 3682 925 3744 post
942 3673 1031 3734 ἐκλελ.
1050 3677 1201 3732 addendum
1218 3676 1274 3734 ίδοι
1292 3677 1334 3731 vel
1352 3673 1396 3749 εἴη

192 3765 206 3813 3
226 3755 392 3818 ἀδέσποτον
410 3760 488 3814 UBM
540 3765 556 3812 4
574 3761 804 3831 φιλοχρηματίαν
822 3761 893 3826 libri,
913 3776 983 3816 corr.
1002 3762 1111 3818 Geelius
1164 3767 1179 3816 6
1197 3760 1274 3834 ῥῆμα
1295 3761 1395 3818 seclusi

190 3847 362 3919 μεταφέρων
381 3838 453 3901 αότα
471 3844 500 3897 Μ
516 3864 620 3916 μεταφ.
646 3838 682 3902 αύ
707 3841 742 3902 τὰ
761 3847 811 3901 BU
898 3850 1049 3917 γιτνιῶντα
1072 3848 1100 3900 Μ
1188 3841 1377 3918 ΊκηλὴσειΡ

191 3929 259 3988 9τά
278 3931 507 4001 μὲνΜίοωες.
562 3936 591 3984 10
611 3927 846 4004 παρατρέπωνΡ
903 3934 933 3983 12
952 3927 987 3988 τὸ
1006 3925 1036 3987 δ’
1054 3929 1101 3989 ἐπὶ
1120 3941 1184 3989 τοῖσ
1201 3932 1257 3988 UM
1312 3935 1342 3986 13
1360 3929 1443 4003 έναρ

189 4025 235 4087 γεῖ
250 4020 298 4071 καί
315 4016 365 4070 UB
458 4019 570 4084 μᾶλλον
586 4018 635 4070 καί
653 4015 765 4082 scripsi,
789 4019 838 4071 καί
861 4020 973 4084 μᾶλλον
990 4016 1053 4072 libri
1157 4020 1189 4070 14
1206 4015 1238 4074 έν
1254 4011 1348 4091 βραχὺ
1366 4015 1396 4070 Μ
1413 4015 1452 4073 ἐν·

189 4107 295 4174 βραχεῖ
312 4101 394 4154 ceteri
482 4104 513 4154 16
534 4095 575 4156 ἔτι
599 4100 629 4156 δὲ
651 4103 700 4156 καί
717 4100 765 4153 ΡΥ
852 4100 988 4169 ζωίωνΗ
1077 4107 1105 4157 19
1124 4097 1246 4177 ἐξευρὼν
1263 4102 1330 4158 Veri.
1348 4098 1446 4172 ἐξεῦρε

189 4186 260 4238 ΒΡΥ
277 4185 390 4258 ἐξεῦρεν
410 4186 463 4240 UM
542 4179 672 4255 όνόμασε
690 4185 712 4238 P
731 4179 910 4255 ω’νόμασεΥ
985 4183 1137 4256 ποταμούσ
1155 4206 1186 4244 τε
1203 4187 1291 4244 καίΡ
1361 4189 1394 4240 22
1413 4206 1446 4243 τε

189 4273 238 4325 καί
256 4270 302 4324 ΡΥ
399 4274 430 4324 23
451 4275 586 4342 φανερῶν
610 4264 765 4340 ὀνομάτων
782 4272 851 4338 libri,
870 4287 940 4327 corr.
959 4272 1060 4326 Reiske
1163 4275 1194 4325 25
1213 4270 1330 4329 έποιίασ
1348 4271 1379 4326 Μ

187 4356 220 4492 ii
240 4352 508 4494 όηργὲυργιτικόνΡ
595 4350 755 4428 ἀφικνεῖται
774 4358 803 4410 Μ
892 4362 924 4411 28
951 4349 1023 4414 ἀλλά
1042 4355 1160 4430 πρώτησ
1178 4357 1256 4414 UBM
1343 4361 1377 4414 29
1395 4357 1445 4427 ῥα·

216 4457 258 4493 ωσ
