3068 5160
172 324 212 384 82
545 342 547 347 ¹
627 320 752 377 DIONlS
769 319 820 375 DE
839 319 966 378 11ΕοΝο

172 502 275 582 ταύτῃ
299 502 437 583 τρέπειν
461 497 499 558 ού
518 493 668 576 χαλεπόν
695 494 792 580 ἀνδρί
808 493 973 579 ἀδολέσχῃ
989 495 1046 556 καὶ
1061 490 1169 556 πλείω
1188 490 1343 578 σχεδὸνῆ
1360 491 1421 556 ἔδει

175 599 296 686 σχολῆν
318 604 445 681 άγοντι.

260 702 494 787 προστιθέασι
515 700 577 783 γάρ
601 702 647 773 ὡς
670 696 709 784 δῆ
728 696 888 778 βασιλεύς
903 719 956 774 τις
970 705 1038 760 τῶν
1052 699 1198 779 Λιβύων
1213 699 1422 782 ἐπεχείρησεν

175 802 303 868 ἀνελεῖν
327 800 404 865 τόδε
426 803 464 863 τὸ
488 798 595 887 φῦλον
617 808 685 863 τῶν
706 801 857 885 θηρίων,
885 802 1079 882 ἀγανακτῶν
1101 808 1142 885 τῆ
1165 797 1351 885 διαφθορᾷ
1371 807 1424 860 τοῦ

177 905 268 969 λαοῦ.
312 907 484 987 τυγχάνειν
507 900 542 964 δὲ
566 904 675 966 αὐτῶν
698 900 829 976 πολλάς
852 904 956 965 αὐτοῦ
974 905 1237 983 κατῳκισμένας,
1264 903 1353 985 ὑπὲρ
1373 903 1448 986 rivi

128 1011 296 1092 19Σύρτιν
319 1003 444 1090 δρυμόν
466 1002 724 1085 καταλαβούσας
745 1007 871 1066 πυκνόν
893 1025 929 1067 τε
951 1005 1008 1067 καί
1028 1005 1155 1088 ἀγριον.
1202 1006 1422 1086 συναγαγόντα

178 1106 216 1194 δῆ
241 1105 379 1192 πλῆθος
402 1115 549 1191 στρατοῦ
570 1103 658 1168 πολύ
669 1125 707 1164 *κ
726 1105 815 1168 εἶναι
828 1106 891 1190 γάρ
908 1106 967 1167 οὐκ
981 1106 1126 1191 ἀφανεῖς
1140 1110 1215 1180 τοῖς
1230 1124 1268 1167 τε
1286 1107 1423 1188 σύρμασι

177 1218 244 1272 τῶν
267 1211 379 1294 όφεων
401 1211 457 1271 καὶ
480 1211 587 1294 ὀσμῆς
602 1208 749 1269 αὐτόθεν
765 1204 877 1293 δεινῆς
893 1211 1097 1293 φερομένης·
1120 1208 1209 1268 οότω
1226 1209 1422 1291 περισχόντα

178 1311 396 1394 πανταχόθεν
418 1318 486 1395 πῦρ
509 1307 677 1391 ἐμβαλεῖν,
699 1311 756 1372 καὶ
777 1310 839 1384 τάς
859 1311 921 1390 μέν
943 1305 1213 1394 ἀποληφθείσας
1232 1305 1423 1370 ἀπολέσθαι

177 1414 351 1494 μετὰτῶν
376 1415 543 1492 σκύμνων,
570 1414 649 1487 τούς
672 1408 708 1472 δὲ
731 1411 868 1492 Λίβυας
892 1413 1027 1495 φεύγειν
1049 1411 1133 1472 κατὰ
1155 1412 1259 1489 τάχος
1282 1410 1353 1471 ἀπὸ
1374 1416 1426 1470 τοῦ
1438 1418 1457 1469 ll

176 1515 314 1599 χωρίου,
336 1515 420 1598 μήτε
441 1516 541 1575 νύκτα
562 1515 647 1599 μῆτε
668 1517 794 1597 ῆμέραν
816 1514 1105 1593 ἀναπαυομένους,
1127 1516 1227 1596 μέχρι
1241 1505 1424 1590 νομίζοντες

128 1621 169 1682 20
180 1614 269 1679 πολύ
284 1612 533 1701 προειληφέναι
546 1610 743 1691 κατέζευξαν
759 1615 854 1698 παρά
869 1618 1026 1696 ποταμόν
1040 1635 1126 1676 τινα.
1162 1619 1231 1676 τῶν
1247 1609 1285 1674 δὲ
1300 1613 1424 1697 θηρίων

179 1721 292 1780 ὁπόσα
321 1719 412 1802 ἀπῆν
439 1717 524 1778 κατὰ
552 1717 681 1802 θῆραν,
715 1715 834 1803 έπειδῆ
864 1719 1006 1796 τάχιστα
1031 1706 1186 1800 ᾔσθοντο
1208 1712 1425 1790 ἀπολωλότας

178 1823 258 1895 τούς
281 1817 445 1904 φωλεούς,
467 1815 722 1895 καταδιώξαντα
745 1822 805 1905 τῆν
828 1820 990 1904 στρατιάν
1005 1821 1093 1904 πρός
1108 1821 1166 1881 τόν
1180 1820 1341 1898 ποταμόν
1355 1819 1425 1892 τούς

178 1924 239 2002 μέν
260 1916 331 2004 (ἐν)
353 1923 447 2002 ὕπνῳ
469 1917 713 2001 καταλαβόντα,
735 1922 814 1996 τούς
837 1919 873 1983 δὲ
897 1918 1019 1997 ἀλλους
1041 1923 1271 2007 ἀπειρηκότας
1285 1923 1354 1983 ἀπό
1374 1928 1459 1984 τοό11

127 2027 294 2101 21κόπου,
319 2020 527 2108 διαφθεῖραι
549 2019 708 2084 πανσυδί.
753 2019 831 2085 τότε
852 2024 913 2101 μὲν
938 2022 995 2084 οὖν
1018 2019 1134 2098 ἀτελὲς
1157 2021 1247 2106 αύτῷ
1271 2024 1427 2106 γενέσθαι

179 2129 217 2188 τὸ
252 2127 348 2209 ἔργον
381 2132 441 2208 τῆς
470 2121 666 2209 διαφθοράς
693 2131 755 2185 τοῦ
781 2129 905 2206 γένους.
953 2126 1093 2209 ὕστερον
1122 2121 1159 2186 δὲ
1181 2115 1348 2210 Ἡρακλέα
1375 2127 1427 2210 τῆν

181 2230 364 2306 σύμπασαν
386 2235 445 2311 γῆν
466 2226 677 2309 καθαίροντα
701 2227 773 2288 ἀπό
794 2247 831 2288 τε
853 2233 920 2288 τῶν
942 2226 1075 2311 θηρίων
1096 2226 1154 2288 καί
1175 2233 1244 2289 τῶν
1265 2230 1428 2312 τυράννων

179 2331 313 2391 κάκεῖσε
342 2327 550 2412 ἀφικέσθαι,
579 2328 636 2388 καί
657 2329 715 2388 τόν
737 2348 774 2389 τε
795 2324 905 2390 τόπον
927 2329 1102 2414 ἐμπρῆσαι
1122 2329 1180 2390 καὶ
1201 2329 1243 2390 τά
1268 2331 1429 2416 φεύγωσι

181 2433 217 2492 ἐκ
248 2438 311 2492 τοῦ
342 2431 449 2513 πυρός
477 2430 519 2490 τά
547 2431 609 2510 μὲν
637 2425 685 2509 τῳ
714 2426 855 2512 ῥοπάλῳ
884 2430 1032 2492 παίοντα
1059 2431 1291 2510 κατακαίνειν,
1326 2434 1465 2494 ὁπόσαν

130 2534 171 2595 22
182 2535 285 2612 ὁμόσε
306 2523 372 2616 ᾔει,
395 2532 436 2592 τά
464 2528 499 2592 δὲ
522 2527 819 2614 ἀποδιδράσκοντα
842 2535 915 2606 τοῖς
936 2527 1060 2612 βέλεσι.
1094 2535 1193 2612 τυχόν
1216 2533 1276 2596 οὖν
1292 2536 1312 2596 ό
1324 2535 1431 2615 μῦθος

182 2636 369 2697 αἰνίττεται
393 2631 495 2715 λέγων
517 2635 597 2706 τούς
619 2629 768 2706 πολλούς
788 2634 850 2713 μὲν
873 2631 908 2694 εἴ
919 2635 987 2694 πού
1003 2653 1055 2708 τις
1070 2634 1270 2720 ἐπεχείρησε
1284 2637 1432 2722 καθῆραι

182 2739 241 2822 τῆν
264 2739 369 2798 αύτοῖ
389 2737 499 2820 φυχῆν
523 2736 639 2820 ὥσπερ
662 2735 789 2816 ἀβατον
810 2736 867 2798 καὶ
888 2737 1011 2814 μεστόν
1033 2756 1110 2798 τινα
1128 2736 1264 2821 θηρίων
1278 2735 1432 2817 χαλεπῶν

182 2841 300 2915 τόπον,
315 2834 438 2914 ἐξελὼν
455 2834 493 2922 δῆ
510 2838 567 2898 καλ
582 2833 755 2910 ἀπολέσας
769 2857 803 2898 τι
818 2844 885 2898 τῶν
897 2837 1094 2918 ἐπιθυμιῶν
1111 2836 1211 2917 εἶδος,
1228 2835 1433 2914 ἐλπίσαντας

183 2937 473 3024 ἀπηλλάχθαικαὶ
486 2936 760 3022 διαπεφευγέναι,
777 2939 835 2998 οὐκ
847 2939 991 3023 ἰσχυρῶς
1007 2940 1088 3002 αὐτὸ
1105 2937 1309 3025 δράσαντας,
1326 2939 1434 3025 ὀλίγον
1451 2948 1468 3001 i

271 3209 282 3257 1
302 3198 392 3272 ταύτῃ
409 3202 524 3277 τρέπειν
541 3202 563 3255 Ρ
582 3197 670 3272 ταύτῃ
688 3201 809 3274 πρέπειν
826 3202 926 3258 YUBV
1006 3196 1103 3274 ἀνδρεί
1120 3197 1270 3278 ἀδολέσχει
1288 3209 1317 3265 U
1331 3210 1376 3278 (B)

183 3292 284 3345 πλεῖον
301 3283 319 3359 ἢ
335 3290 397 3353 (om,
417 3283 572 3359 σχεδὸν1Υ
624 3282 703 3357 ᾔόεῖ
717 3286 767 3343 UB
828 3283 970 3359 4φύλλον
986 3288 1012 3342 Y
1074 3293 1157 3346 ὅκαί
1174 3281 1329 3364 τυγχάνειν
1347 3289 1440 3352 αὐτῶν

183 3374 209 3429 Υ
224 3376 273 3429 καὶ
290 3368 347 3446 γάρ
365 3368 514 3444 τυγχάνειν
532 3365 628 3430 αὐτῶν
644 3373 694 3428 UB
765 3365 854 3431 αὐτοῦ
870 3371 983 3430 anilla
999 3371 1059 3431 ἐκεί
1075 3375 1100 3430 Υ
1168 3370 1224 3432 τὸν
1239 3369 1316 3452 ὓπερ
1334 3379 1386 3435 UB

184 3463 197 3511 i
216 3461 280 3527 post
301 3453 374 3514 πολύ
397 3457 578 3526 supplendum
597 3464 651 3512 est:
676 3457 742 3526 (καὶ
759 3453 959 3529 έξιχνεόσαντα
982 3455 1049 3524 τοὺς
1070 3455 1220 3531 φωλεούς)
1241 3467 1274 3516 ut
1292 3463 1440 3519 ostendunt

182 3542 324 3612 sequentib
408 3535 523 3615 ἀφανῆσ
539 3543 593 3610 (vel
609 3537 667 3614 -ὴσ1
685 3543 735 3598 UB
823 3533 952 3599 Βοότωσ
969 3542 1045 3599 UBV
1119 3543 1347 3623 9πανταχόθεν
1362 3568 1440 3622 περι·

183 3627 292 3700 σχόντα
310 3629 371 3695 (boc
389 3627 501 3694 ord.)V
556 3625 710 3700 ἐμβάλλειν
726 3628 802 3684 UBV
859 3620 1090 3701 ἀπολειφθείσασ
1107 3628 1179 3696 libri,
1197 3645 1270 3689 corr.
1288 3631 1400 3690 Sollion.

185 3719 215 3767 10
234 3707 294 3770 ἀπὸ
312 3716 365 3770 τοῦ
380 3714 492 3786 χωρίου
507 3707 582 3770 κατά
600 3710 694 3786 τάχοσ
710 3715 774 3782 (hoc
791 3713 859 3779 ord.)
870 3712 896 3765 Y
952 3706 1025 3784 bubo
1035 3714 1210 3787 τοῦχωρίου
1220 3715 1272 3773 UB
1333 3723 1363 3774 11
1375 3713 1440 3778 α’να·

183 3797 372 3870 παβομὲνουσ
388 3797 410 3850 Ρ
499 3803 528 3852 13
547 3795 609 3855 ἐπεὶ
629 3793 751 3869 τάχιστα
768 3797 793 3850 Y
810 3793 978 3869 έπῖτάχιστα
996 3798 1017 3852 Ρ
1104 3804 1137 3853 14
1154 3802 1315 3873 στρατείαν
1332 3803 1359 3859 Υ

182 3880 232 3952 (έν
264 3882 327 3936 add.
346 3882 492 3950 Emporius
546 3888 577 3936 16
590 3883 757 3957 διέφθειραν
768 3883 831 3936 libri
843 3882 1018 3957 (διέφθειρον
1034 3887 1138 3940 πασυόὶ
1148 3883 1192 3950 Y),
1210 3900 1282 3941 corr.
1296 3887 1407 3944 Geelius

184 3962 255 4023 αὐτὸ
268 3965 447 4039 γενέσθαιΡς
460 3967 591 4024 fortasse:
606 3959 752 4039 οδτωγεν.
802 3967 1046 4040 11όιαφοράσΥΡ
1096 3963 1301 4028 19κάκεῑσαιΡ
1350 3991 1436 4030 κατα·

183 4049 327 4124 φεύγοντα
346 4061 405 4121 (pro
422 4054 471 4108 καὶ
488 4051 524 4109 τά
543 4057 584 4124 φ.)
601 4054 627 4110 Υ
699 4058 731 4107 20
748 4049 805 4110 ὑπὸ
824 4056 877 4109 τοῦ
894 4047 989 4124 πυρὸσ
1005 4052 1031 4107 Υ
1099 4055 1181 4110 immo
1198 4066 1376 4114 κατακανεῖν

165 4192 167 4195 ,
184 4141 214 4192 21
234 4134 262 4209 il]
278 4153 328 4206 pro
347 4133 391 4209 ᾔει
408 4137 456 4191 ΡΥ
530 4134 617 4209 τυχὸν
635 4133 672 4196 ἀν
690 4128 742 4196 οὖν
758 4139 829 4203 libri
847 4133 882 4196 ἀν
901 4138 954 4193 del.
972 4138 1053 4208 Emp.
1124 4142 1156 4193 22
1181 4139 1274 4213 λέγων
1291 4145 1354 4198 τῶν
1369 4144 1437 4198 πολ·

183 4226 242 4278 λῶν
259 4222 310 4278 UB
362 4220 392 4279 εί
405 4241 456 4278 ποι
473 4226 520 4279 vla
537 4223 611 4280 UBV
668 4221 894 4295 έπεχείρησενῐ]
963 4226 995 4276 23
1012 4217 1143 4294 χαλεπὸν
1153 4223 1203 4278 ΡΥ
1263 4229 1298 4281 24
1314 4221 1437 4294 ἐξελθὼν

184 4307 256 4362 VPY.
341 4327 368 4362 τι
386 4307 460 4374 Wil,
479 4305 513 4364 τὸ
531 4309 594 4362 libri
680 4304 759 4365 εἶόοσ
776 4324 828 4363 om.
847 4310 896 4364 ΠΒ
983 4302 1038 4365 εἶτ’
1055 4305 1179 4366 έλπίσασ
1195 4310 1246 4366 UB
1265 4307 1437 4376 ἐλπίσαντας

184 4392 284 4460 scripsi
300 4397 328 4446 et
345 4407 407 4446 mox
425 4389 600 4465 δράσαντας,
624 4391 747 4451 έλπίσασ
764 4398 791 4448 et
814 4389 925 4465 όράσασ
948 4393 1011 4448 libri
1075 4410 1078 4415 ·
1100 4397 1132 4448 25
1151 4387 1326 4466 ἀπειλάχθαι
1347 4396 1373 4450 Y

186 4474 310 4546 ἰσχυρῶσ
329 4469 500 4545 ἀποδράσασ
517 4478 543 4533 U
