3068 5160
10 1320 26 1421 παῖ-ΔΙΑ-
10 1132 30 1309 Ἶ-’.ΊΘ“Ψ”-ἔ.
10 780 25 1125 Ι-ί-η-ΠἯΐ-““”.”“ς
10 546 30 771 -δ-“,Ἅ.“““Δ“Ι-·ξιῑ“,“·,“
10 470 25 531 ’.ἐ-
18 408 22 417 -
10 362 24 399 r-..·
10 298 23 353 'RS-'n
24 284 28 289 -
23 164 32 195 .-

472 1176 916 1262 PROLEGOMENA.

150 1436 195 1502 Ut
205 1439 278 1519 post
290 1434 475 1518 Emperium
486 1452 601 1498 novam
609 1430 724 1498 Dionis
736 1431 909 1498 editionem
921 1449 1069 1515 pararem
1083 1449 1123 1495 ea
1133 1449 1168 1496 re
1180 1431 1322 1498 maxime

64 1542 228 1621 permotus
243 1556 323 1620 sum,
347 1533 433 1620 quod
447 1535 482 1599 in
496 1541 589 1600 tanta
603 1534 772 1601 verborum
787 1533 951 1617 seripturis
966 1531 1169 1615 corruptione
1183 1553 1243 1599 nee
1257 1554 1322 1599 non
1442 1566 1444 1570 ·

64 1638 105 1704 de
127 1657 224 1704 verae
247 1643 346 1722 atque
363 1638 511 1720 integrae
526 1637 674 1703 leotionis
688 1635 829 1702 fontibus
844 1633 1044 1700 dubitatione
1058 1633 1201 1700 viderem
1216 1655 1322 1720 neque

63 1739 103 1806 de
131 1740 233 1824 ipsius
260 1739 376 1805 Dionis
407 1738 481 1805 stilo
510 1745 542 1806 et
570 1737 776 1824 opinionibus
805 1742 837 1802 et
868 1737 936 1802 vita
958 1756 998 1802 ea
1020 1757 1085 1820 qua
1107 1756 1168 1819 par
1189 1743 1237 1802 est
1258 1737 1321 1804 fide

10 1846 15 1853 '
61 1840 200 1907 iudieari
228 1861 322 1926 posse
345 1860 451 1925 neque
473 1860 582 1906 eorum
607 1841 747 1905 virorum
770 1859 902 1923 operam
924 1839 981 1922 qui
1003 1839 1120 1904 artium
1142 1839 1321 1905 litterarum

10 1934 19 2029 ’5
61 1943 286 2028 philosophiae
314 1962 436 2009 morum
465 1941 605 2024 denique
632 1942 799 2007 historiam
829 1941 975 2007 eDione
1002 1939 1164 2004 illustrare
1192 1939 1323 2008 student

10 1940 29 2145 ἃ
62 2045 142 2111 satis
164 2044 253 2110 firmo
276 2045 337 2110 niti
358 2044 577 2110 fundamento.
614 2043 699 2108 Nam
722 2041 821 2108 editio
837 2039 1042 2126 Emporiana,
1065 2041 1241 2109 laudabilis
1263 2045 1322 2111 illa

10 2130 29 2221 ³}
62 2145 192 2228 quidem
209 2152 241 2211 et
257 2145 429 2227 diligentia
443 2151 476 2210 et
490 2145 621 2226 ingenio
637 2143 779 2227 editoris,
798 2150 908 2209 tamen
923 2163 1028 2230 neque
1042 2143 1195 2210 librorum
1210 2165 1321 2212 manu·
1385 2212 1388 2221 ,

10 2244 29 2317 h
61 2247 251 2332 seriptorum
275 2244 428 2313 subsidiis
450 2247 498 2311 ita
519 2246 643 2311 munita
665 2251 723 2328 est,
746 2251 782 2311 ut
804 2244 845 2312 de
866 2245 1022 2330 cuiusque
1043 2246 1192 2313 leotionis
1212 2254 1321 2314 auoto-

10 2358 30 2439 ¹.
63 2348 160 2413 ritate
182 2347 321 2414 iudicari
342 2348 453 2433 possit,
476 2367 582 2431 neque
605 2346 861 2414 emendationem
876 2353 984 2414 textus
997 2347 1191 2414 foedissimis
1207 2355 1239 2416 et
1254 2370 1321 2416 eor-

10 2354 30 2535 ὗ
64 2450 200 2534 ruptelis
229 2456 261 2516 et
289 2449 592 2536 interpolationibus
624 2450 777 2516 scatentis
810 2469 913 2535 usque
941 2470 979 2516 eo
1012 2448 1164 2534 perduxit
1192 2457 1228 2516 ut
1256 2453 1320 2518 iam

18 2546 30 2621 l
65 2552 204 2636 amplius
231 2553 383 2637 progredi
405 2573 470 2618 non
490 2553 597 2617 lieeat.
641 2552 810 2636 Emporias
833 2551 919 2618 enim
940 2572 1013 2618 oum
1035 2551 1188 2617 librorum
1210 2573 1321 2620 manu·

16 2638 31 2749 1
64 2653 254 2738 scriptorum
274 2655 390 2739 quibus
405 2655 520 2720 Dionis
535 2654 657 2771 seripta
672 2655 875 2719 eontinentur
889 2652 1082 2720 elenehum
1072 2673 1107 2717 1n
1120 2653 1321 2737 praefatione

10 2752 32 2857 ·'j
64 2763 265 2840 proponeret,
281 2756 323 2823 ab
340 2756 500 2823 erroribus
516 2775 580 2821 non
594 2756 777 2839 immunem,
793 2754 861 2821 fere
876 2774 984 2821 omnes
999 2759 1108 2820 tamen
1120 2757 1321 2840 oomplexum

21 2870 31 2931 ,i
65 2859 121 2940 qui
149 2863 278 2924 exstant
300 2858 441 2940 oodiees,
471 2857 528 2942 qui
550 2857 687 2923 alieuius
709 2857 860 2923 utilitatis
883 2863 972 2938 sunt,
1003 2857 1037 2921 ni
1059 2855 1171 2940 fallor,
1201 2877 1321 2941 omnes,

10 2942 235 3042 .·iplerosque
263 2959 362 3026 libros
390 2961 530 3025 nonita
560 2960 705 3042 aognitos
733 2959 847 3026 habuit
873 2965 909 3025 ut
937 2979 1003 3044 qua
1029 2964 1080 3024 rat
1081 2959 1154 3024 ione
1182 2959 1267 3026 inter
1287 2979 1323 3026 se

10 3034 34 3189 {i
66 3059 283 3141 cohaererent,
306 3061 438 3144 quinam
456 3081 497 3128 ex
514 3059 629 3144 quibus
643 3059 829 3144 penderent,
853 3081 938 3146 quae
953 3061 1092 3146 denique
1107 3060 1203 3126 unius
1217 3060 1321 3127 euius·

10 3142 130 3253 ique
152 3160 344 3227 lectionibus
366 3163 504 3227 auotorit
504 3181 541 3227 as
490 3161 735 3228 ttribuenda
756 3167 850 3245 esset,
873 3163 1018 3229 iudieare
1039 3167 1157 3248 posset.
1134 3161 1323 3229 tErravit

10 3262 165 3357 5]1ςί1ιιι
187 3281 259 3327 oum
283 3261 364 3328 duas
386 3281 458 3328 esse
473 3262 618 3328 eodioum
631 3262 773 3328 familias
788 3269 952 3346 statueret,
976 3284 1112 3348 quarum
1127 3263 1221 3329 alteri
1237 3263 1322 3330 eodi-

10 3358 35 3449 {ji
65 3383 119 3430 ees
147 3364 302 3447 vulgatae
324 3364 470 3430 Venetae
497 3363 635 3446 similes,
667 3364 762 3429 alteri
783 3365 932 3430 meliores
953 3364 1020 3430 fere
1043 3365 1170 3431 oodioes
1192 3364 1322 3431 Vatioa-

64 3486 141 3531 num
164 3470 221 3548 99,
249 3466 563 3550 Meermannianum,
586 3465 781 3531 Vatieanum
804 3470 861 3548 91,
890 3465 1075 3531 Palatinum
1100 3472 1173 3550 117,
1204 3469 1323 3534 Parisi-

64 3587 141 3633 num
165 3571 247 3634 3009
269 3568 441 3636 tribuebat.
477 3568 607 3634 Erravit
628 3566 714 3634 idem
736 3585 808 3631 unm
831 3566 1014 3632 Parisinum
1036 3571 1119 3634 2958
1142 3575 1174 3634 et
1190 3568 1323 3635 Ambro-

13 3676 36 3735 :·'t
64 3669 191 3735 sianum
216 3669 244 3733 E
270 3674 326 3735 111
359 3668 465 3736 medio
494 3669 623 3736 auidam
652 3669 820 3753 utriusque
848 3665 993 3735 familiae
1020 3670 1133 3752 generi
1159 3669 1322 3736 tribueret.

19 3770 163 3845 :dhaet
149 3776 240 3836 terea
254 3771 364 3837 multis
378 3771 531 3838 librorum
546 3771 739 3838 leotionibus
754 3769 993 3836 adnotationem
1009 3770 1136 3838 refersit
1151 3791 1235 3856 quae
1251 3791 1323 3838 oum

10 3871 107 3938 ad
136 3873 311 3955 genuinam
344 3878 452 3939 textus
473 3873 593 3940 Dionei
621 3872 755 3938 formam
783 3871 1015 3939 restituendam
1043 3873 1166 3939 nullam
1194 3875 1324 3940 omnino

25 3984 36 4065 p
63 3973 242 4060 praebeant
269 3975 442 4041 utilitatem
463 3973 653 4060 perturbant
673 3974 821 4058 legentes
843 3971 970 4040 infinita
991 3973 1132 4059 quadam
1154 3976 1322 4042 varietate.

29 4076 37 4153 1
62 4077 178 4163 Neque
193 4077 276 4143 haee
291 4075 363 4143 dieo
374 4075 520 4161 Emperii
535 4076 575 4144 de
586 4077 692 4143 Dione
707 4077 829 4144 meritis
844 4075 1087 4160 obtreetaturns,
1101 4097 1185 4163 quae
1198 4097 1324 4144 summa

10 4174 36 4259 5}
62 4178 164 4246 fnisse
185 4177 303 4263 iudioo,
325 4177 384 4246 sed
405 4179 510 4264 ipsam
532 4198 599 4245 rem
621 4184 781 4264 speetans.
817 4179 933 4264 Neque
955 4179 1040 4244 enim
1061 4179 1204 4264 Emperii
1226 4180 1323 4264 eulpa

63 4280 183 4348 fautum
205 4287 255 4349 est
276 4287 312 4348 ut
334 4282 471 4367 optimos
491 4280 591 4348 libros
613 4287 646 4348 et
660 4301 732 4349 sero
747 4287 779 4348 et
794 4278 1019 4348 eollationibns
1034 4300 1147 4365 parum
1162 4283 1322 4350 aeouratis

23 4380 36 4445 'l
63 4389 281 4464 eognosooret.
319 4383 412 4464 Quod
433 4403 510 4451 vero
532 4403 572 4450 ea
594 4384 718 4467 attinet,
743 4401 827 4468 quae
849 4385 883 4448 in
905 4381 1051 4450 omnibus
1066 4383 1157 4451 libris
1172 4390 1322 4470 eorrnpta

10 4472 34 4579 ,d
61 4481 248 4569 traduntur,
278 4485 464 4553 emendavit
491 4485 548 4551 ille
574 4485 704 4570 quidem
726 4485 865 4571 plurima
887 4504 958 4552 uum
982 4490 1014 4552 et
1035 4487 1145 4568 graeei
1167 4487 1322 4554 sermonis

579 4677 849 4797 asason
1075 4589 1113 4640 ⁸*
