3068 5160
535 361 825 419 PROLEGOIIENA.
1246 364 1314 418 XXI

55 555 185 620 quoque
206 536 377 602 lectionem
399 537 559 620 integram
582 534 660 601 dare
681 535 781 600 volui.
824 534 876 601 lbi
898 535 999 617 enim,
1029 540 1166 620 excepta
1188 555 1233 600 or.
1256 534 1316 618 XI,

55 639 154 703 etiam
177 636 206 702 V
228 636 327 704 deest.
371 638 410 702 In
438 657 478 704 ea
505 657 582 704 vero
610 642 689 703 orat.
712 635 830 700 XXXI
852 643 960 720 parte,
989 655 1073 722 quae
1096 637 1317 721 quaternionis

55 741 181 805 iactura
213 741 247 804 in
275 741 306 806 U
336 738 472 823 excidit,
506 740 761 805 Laurentianum
788 738 816 802 E
847 738 882 802 in
915 737 984 803 eius
1016 739 1121 804 locum
1153 741 1316 808 substitui.

56 844 232 908 Praeterea
259 841 294 906 in
321 841 384 907 hac
411 847 520 926 parte,
550 860 635 926 quae
663 840 800 906 fontium
829 844 975 923 egestate
1002 841 1149 925 inprimis
1179 843 1315 926 laborat,

56 946 156 1011 alium
176 943 319 1010 codicem
334 942 478 1027 adhibui,
502 944 594 1009 ouius
610 941 858 1027 descriptionem
877 949 909 1008 et
924 942 1128 1008 collationem
1143 943 1316 1010 Francisco

57 1047 193 1113 Cumont
221 1047 325 1112 amico
355 1045 468 1113 debeo.
511 1045 597 1111 Nam
623 1065 695 1111 cum
723 1046 794 1130 ipse
815 1050 851 1111 ut
871 1065 993 1130 paucos
1014 1064 1088 1111 mea
1109 1065 1209 1112 causa
1230 1047 1317 1114 locos

56 1149 230 1233 inspiceret
250 1167 309 1233 per
329 1149 456 1215 litteras
478 1148 520 1215 ab
543 1168 581 1214 eo
603 1148 806 1232 petivissem,
829 1147 886 1213 ille
907 1153 1000 1212 tanta
1022 1146 1084 1212 fuit
1104 1147 1315 1232 humanitate,

55 1257 91 1316 ut
117 1255 218 1315 totam
248 1249 340 1315 illam
368 1256 493 1335 partem
521 1250 677 1315 orationis
698 1249 817 1314 XXXI
839 1269 911 1315 oum
934 1249 1083 1333 exemplo
1105 1249 1316 1317 Dindovfiano

55 1357 265 1436 compararet,
288 1352 480 1418 varietatem
501 1351 650 1417 lectionis
671 1351 751 1416 mihi
765 1351 913 1417 mitteret.
947 1350 1061 1435 Neque
1077 1353 1177 1418 semel
1191 1358 1316 1418 tantum

54 1452 112 1520 sed
133 1454 200 1521 bis!
222 1453 307 1518 Nam
329 1454 363 1517 in

139 1554 287 1620 Parisino
313 1557 398 1620 2924
425 1553 526 1618 chart.
556 1572 642 1620 saec.
664 1553 727 1618 XV
756 1559 788 1620 et
809 1553 889 1618 XVI
918 1551 1087 1620 Rhodiaca
1113 1555 1229 1622 Dionis
1257 1561 1315 1631 (or.
1337 1552 1353 1615 I

54 1656 182 1733 XXXI)
211 1675 232 1720 a
263 1654 389 1721 duabus
418 1654 555 1721 diversis
583 1674 668 1721 saec.
691 1654 773 1720 XVI
800 1654 950 1721 manibus
977 1655 1028 1722 bis
1050 1657 1171 1740 scripta
1193 1663 1316 1739 exstat3

54 1761 191 1824 alterum
214 1757 399 1840 exemplum
420 1757 475 1822 fol.
499 1763 571 1837 144,
593 1758 730 1822 alterum
752 1757 807 1822 fol.
832 1761 893 1822 172
915 1757 1041 1842 incipit.

139 1857 232 1938 Quod
254 1877 327 1923 oum
349 1878 390 1925 ex
413 1858 571 1942 catalogis
594 1859 828 1943 comperissem,
852 1859 989 1942 primum
1004 1879 1046 1925 ex
1063 1859 1197 1926 Ountzio
1212 1863 1316 1927 amico

53 1961 109 2045 qui
130 1966 198 2025 tum
220 1959 355 2026 Parisiis
377 1959 563 2026 morabatur
585 1960 749 2045 quaesivi,
772 1980 849 2024 num
870 1959 990 2025 lacuna
1010 1961 1071 2027 illa
1091 1962 1126 2027 in
1147 1962 1317 2029 Rhodiaca

54 2067 207 2128 exstaret.
251 2063 291 2126 In
319 2069 433 2128 neutro
462 2062 612 2146 exemplo
640 2067 768 2128 exstare
796 2060 876 2125 mihi
903 2063 1078 2146 rescripsit.
1122 2065 1192 2129 Iam
1223 2067 1252 2132 si
1275 2085 1316 2131 ex

53 2164 155 2249 stirpe
176 2162 231 2230 Bu
254 2162 358 2230 codex
379 2163 507 2248 fuisset,
534 2164 621 2229 nihil
642 2163 793 2229 utilitatis
816 2162 895 2227 mihi
917 2163 1088 2231 attulisset.
1131 2165 1216 2231 Nam
1237 2169 1317 2234 satis

55 2271 124 2332 erat
153 2263 216 2330 duo
245 2267 316 2332 eius
344 2268 472 2350 generis
500 2267 653 2350 exempla
679 2264 809 2331 habere.
853 2265 934 2331 Esse
956 2284 1033 2331 vero
1055 2285 1097 2332 ex
1118 2268 1220 2353 stirpe
1241 2271 1275 2335 M
1296 2291 1317 2336 a

54 2367 227 2433 Francisco
251 2365 389 2433 Oumont
410 2366 542 2434 edoctus
564 2387 650 2450 sum,
674 2367 730 2452 qui
752 2367 920 2433 verissime
941 2365 1112 2441 iudicavit,
1134 2369 1317 2437 Parisinum

56 2469 252 2553 descriptum
274 2490 340 2535 non
362 2489 432 2537 esse
455 2489 496 2536 ex
512 2469 786 2552 Meermanniano,
809 2467 868 2534 sed
890 2486 931 2533 ex
954 2469 1036 2535 libro
1059 2470 1129 2535 eius
1143 2471 1317 2538 simillimo.

55 2573 157 2637 Immo
187 2591 228 2637 ex
260 2571 384 2638 duobus
412 2570 504 2637 libris
539 2571 712 2636 simillimis
740 2570 1007 2635 Meermanniani.
1053 2571 1138 2635 Nam
1168 2576 1319 2658 exempla

56 2674 224 2759 paululum
246 2673 331 2739 inter
351 2692 387 2739 se
408 2671 570 2753 differunt,
593 2673 640 2737 ita
654 2678 690 2737 ut
704 2672 864 2756 posterIus
879 2670 922 2736 ad
938 2690 1010 2736 eam
1024 2670 1158 2738 formam
1173 2675 1319 2759 proxime

57 2775 201 2858 accedat,
225 2794 323 2858 quam
345 2793 387 2840 ex
405 2773 546 2839 editione
561 2771 688 2838 Veneta
703 2772 866 2855 cognitam
879 2772 1046 2840 habemus.
1080 2774 1149 2840 Hoc
1163 2781 1199 2840 ut
1214 2783 1318 2843 osten-

58 2877 167 2943 derem
193 2874 236 2941 ad
263 2896 295 2960 p.
312 2878 459 2942 354-58
482 2875 617 2941 alterius
639 2873 781 2958 exempli
802 2873 958 2940 lectiones
980 2873 1182 2942 adnotationi
1197 2879 1319 2944 inserui

59 2996 179 3060 omnes,
203 2976 278 3042 iude
300 2996 321 3042 a
343 2998 375 3062 p.
392 2982 453 3044 359
476 2995 583 3062 pauca
604 2982 729 3042 tantum
751 2977 872 3040 notavi.
916 2975 1000 3042 Nam
1023 2976 1066 3043 ad
1087 2980 1319 3047 recensendum

57 3080 197 3146 Dionem
218 3078 300 3143 nihil
323 3079 426 3145 affert.
471 3079 566 3145 Hunc
588 3078 706 3144 librum
728 3077 837 3144 littera
859 3077 875 3141 Ι
897 3079 1017 3144 notavi.

145 3181 345 3246 Marcianum
367 3184 425 3246 421
452 3181 521 3263 (Τ),
551 3179 591 3247 de
614 3200 677 3265 quo
699 3199 798 3263 supra
821 3178 906 3261 dixi,
936 3180 1043 3264 ipsum
1072 3202 1200 3267 quoque
1222 3185 1256 3248 in
1279 3205 1319 3250 ea

59 3288 168 3349 textus
183 3287 275 3367 parte
290 3281 434 3364 adhibui,
457 3281 514 3346 ubi
528 3282 554 3346 P
571 3281 670 3364 deest,
686 3301 751 3346 non
766 3301 829 3365 quo
845 3281 946 3346 ullam
961 3283 1184 3350 auctoritatem
1198 3284 1320 3351 habere
1342 3283 1369 3346 Τ

59 3390 223 3469 putarem,
256 3382 314 3450 sed
343 3382 470 3449 duabus
499 3384 606 3449 causis
634 3389 812 3467 permotus,
844 3382 950 3466 prima
978 3383 1064 3467 quod
1085 3404 1225 3468 aequum
1248 3405 1319 3452 esse

58 3485 230 3552 credebam
258 3485 412 3567 vulgatae
439 3484 586 3568 lectioni,
621 3503 706 3568 quae
735 3503 793 3567 per
819 3484 985 3567 complura
1005 3485 1138 3551 saecula
1160 3488 1318 3571 regnavit,

57 3589 94 3654 in
121 3588 184 3654 hac
212 3606 340 3672 quoque
370 3584 512 3652 editione
539 3587 644 3651 locum
672 3586 820 3668 quamvis
848 3584 1027 3651 modestum
1054 3586 1203 3671 concedi,
1232 3588 1319 3654 unde

58 3695 169 3756 nostra
195 3687 236 3754 de
257 3687 416 3754 Urbinate
439 3688 573 3772 eiusque
595 3688 792 3772 apographis
814 3688 976 3753 sententia
999 3688 1179 3754 examinari
1200 3695 1317 3773 posset,

58 3792 164 3858 altera
189 3789 275 3876 quod
296 3790 436 3873 intelligi
458 3790 621 3857 volebam:
655 3790 690 3854 in
710 3791 752 3855 iis
774 3789 972 3856 orationibus
995 3809 1079 3874 quae
1101 3810 1122 3855 a
1143 3788 1169 3855 P
1192 3790 1317 3872 absunt,

56 3893 141 3960 nihil
169 3893 309 3959 inveniri
338 3892 423 3977 quod
453 3912 494 3958 ex
521 3889 696 3958 traditione
724 3892 766 3959 ab
794 3893 826 3958 U
854 3890 983 3957 dlversa
1015 3891 1194 3958 derivatum
1223 3897 1317 3960 esset.

56 3996 143 4062 Nam
165 4015 237 4061 cum
260 4013 320 4059 eae
342 3994 512 4076 orationes,
536 4012 621 4077 quae
642 3994 677 4059 in
698 3994 724 4059 P
747 3999 885 4075 exstant,
908 3995 942 4059 in
957 3995 1122 4060 Marciano
1146 3994 1173 4058 Τ
1194 3999 1319 4059 textum

56 4097 237 4182 praebeant
259 4114 301 4161 ex
323 4095 353 4161 U
376 4101 408 4162 et
430 4094 618 4177 Pmixtum,
641 4101 768 4162 ceterae
782 4095 973 4162 Urbinatem
989 4097 1117 4161 omnino
1132 4101 1317 4182 sequantur,

57 4199 253 4282 intelligitur
281 4216 322 4262 ne
350 4197 505 4262 Marciani
533 4195 663 4279 quidem
690 4197 858 4264 librarium
887 4197 1048 4282 pleniores
1078 4217 1118 4262 ex
1148 4216 1266 4280 genere
1292 4199 1318 4262 P

56 4300 156 4367 libros
178 4299 343 4366 habuisse.

144 4403 190 4469 lis
213 4419 299 4486 quae
321 4398 427 4465 adhuc
449 4398 684 4484 disputavimus
706 4401 815 4466 omnia
833 4401 1036 4466 continentur·
1051 4419 1135 4485 quae
1151 4420 1231 4485 opus
1246 4407 1321 4466 sunt

58 4502 101 4570 ad
123 4505 285 4571 orationes
300 4502 398 4568 hasce
414 4520 454 4566 ex
469 4500 562 4567 libris
576 4501 806 4569 recensendas:
828 4501 889 4568 XI.
911 4501 1088 4568 XIV-LI.
1111 4502 1319 4570 LIX-LXI.
