3068 5160
208 332 314 386 XXXII
693 331 983 387 PROLEGOMENA.

209 504 327 568 Veram
356 509 433 587 puto
459 504 629 568 lectionem
651 503 727 584 PW,
751 501 810 567 sed
830 502 920 568 locus
943 501 1025 566 nihil
1046 500 1170 585 probat.
1192 539 1233 548 -
1261 509 1311 586 10,
1330 507 1378 568 29
1405 509 1484 569 έπί-

211 627 335 669 πνοιαν
357 605 425 670 PW
441 609 597 670 ἐπίνοιαν
611 604 710 670 UBV.
744 605 813 670 Hoc
828 604 896 669 PW
910 605 1016 688 ipsum
1031 605 1193 670 invenisse
1208 625 1273 670 non
1288 605 1483 690 probabile.

213 743 254 752 -
280 711 328 789 12,
349 711 369 772 6
397 707 431 772 in
459 706 565 773 verbis
594 711 700 793 ὁρμάς
728 729 764 770 τε
794 710 929 790 ἀγαθὰς
951 711 1160 788 ἐπιπέμπων
1181 712 1238 772 καί
1260 715 1312 785 είς
1337 709 1485 791 ὁμιλίας

213 812 409 893 ἀνθρώπων
440 813 581 893 ἀγαθῶν
603 813 710 893 ἀγων,
739 827 824 892 quae
846 807 935 872 UBV
956 813 1043 873 recte
1065 807 1223 892 scribunt,
1253 808 1419 876 librarius
1443 811 1485 876 ab

212 914 347 994 ἀγαθάς
369 907 412 974 ad
434 911 576 994 ἀγαθῶν
598 909 816 976 aberraverat.
853 910 922 974 Iam
945 928 1016 973 cum
1040 915 1147 996 ὁρμάς
1167 934 1204 975 τε
1220 914 1371 996 ἀγαθῶν
1390 917 1484 997 ἀγων

211 1032 274 1077 non
301 1011 440 1093 intelligi
462 1017 570 1096 posset
591 1012 676 1078 alius
697 1011 849 1078 librarius
871 1010 1026 1076 audacter
1047 1011 1270 1097 interpolavit:
1306 1019 1425 1101 ὁρμάς
1449 1039 1484 1081 τε

210 1113 360 1199 <ύιύούς>
388 1114 528 1197 ἀγαθῶν
559 1110 740 1198 ἀγών<ων>.
763 1149 805 1158 -
830 1117 879 1194 12,
902 1117 940 1178 13
971 1112 1082 1177 πολλὰ
1112 1115 1381 1200 παραδείγματα
1414 1117 1484 1182 PW

213 1215 323 1279 πολλὰ
346 1234 407 1278 om.
422 1214 521 1279 UBV.
545 1217 655 1280 πολλὰ
678 1216 853 1298 genuinum
876 1220 940 1295 est;
963 1233 1005 1279 ex
1028 1216 1212 1281 coniectura
1233 1215 1392 1282 additum
1412 1238 1484 1285 esse

212 1337 276 1381 non
305 1315 505 1381 crediderim.
529 1353 569 1362 -
595 1323 644 1400 13,
666 1320 685 1380 9
715 1317 774 1380 τού
805 1317 840 1380 ἀὲ
860 1311 1065 1402 Ἡρακλέους
1087 1318 1155 1382 PW
1176 1323 1278 1400 recte,
1309 1321 1422 1384 τοῦτο
1449 1322 1483 1386 ἀί

211 1418 251 1504 ἦν
270 1413 474 1505 Ἡρακλέους
490 1417 587 1484 UBV.
604 1455 643 1464 -
668 1425 717 1501 14,
737 1423 775 1483 13
799 1418 907 1505 ἀείρο,
931 1422 1007 1505 ἔφη,
1031 1422 1161 1482 θέασαι
1182 1424 1239 1484 καί
1260 1425 1322 1508 τήν
1346 1428 1483 1509 ἑτέραν,

213 1523 252 1607 ἦς
274 1524 397 1605 ἐρῶσιν
421 1524 455 1583 οί
477 1520 677 1586 codiciaci
700 1525 779 1607 περὶ
800 1523 840 1608 ῆς
863 1519 974 1584 πολλὰ
993 1523 1049 1584 καί
1065 1520 1271 1585 παντοάαπά
1288 1528 1483 1609 πράγματα

214 1626 329 1703 έχουσι
364 1626 562 1707 φονεύοντες
597 1627 630 1686 οί
662 1622 879 1708 ταλαίπωροι
912 1621 1034 1698 παῖδές
1067 1646 1103 1686 τε
1136 1624 1272 1706 γονεῦσι
1307 1625 1483 1704 πολλάκις

213 1721 491 1806 ἐπιβουλεύοντες
512 1729 568 1788 καί
590 1733 699 1809 γονεῖς
722 1728 824 1808 παισί
845 1728 902 1787 κοί
924 1723 1068 1810 ἀύελφοί
1090 1724 1254 1812 ἀδελφοῖς
1269 1731 1331 1791 etc.
1373 1729 1431 1793 Ita
1450 1729 1484 1792 in

213 1825 282 1890 PW
303 1824 384 1890 haec
406 1825 527 1909 scripta
548 1832 632 1892 sunt.
670 1824 790 1891 Contra
808 1825 896 1890 UBV
912 1832 983 1908 post
1007 1831 1206 1913 φονεύοντες
1221 1828 1352 1893 inserit:
1378 1829 1481 1918 ἀλλή-

216 1927 292 2004 λους
314 1932 370 1992 καί
392 1928 669 2012 ἐπιβουλεύοντες
692 1927 809 1992 omisso
825 1927 1102 2011 ἐπιβουλεύοντες
1117 1934 1190 2012 post
1205 1929 1385 2008 πολλάκις.
1421 1931 1481 1996 Hic

213 2031 303 2095 locus
325 2050 366 2096 ex
388 2031 429 2096 iis
452 2037 510 2114 est,
533 2031 590 2114 qui
611 2049 687 2095 vere
708 2029 856 2113 probant.
893 2029 977 2094 Nam
999 2030 1096 2094 lectio
1119 2030 1145 2094 P
1168 2031 1272 2096 altera
1290 2052 1357 2097 non
1374 2033 1481 2099 solum

213 2133 309 2215 longe
331 2137 483 2216 praestat,
507 2131 565 2198 sed
588 2133 685 2198 etiam
707 2133 754 2197 ita
777 2138 963 2215 comparata
982 2137 1039 2214 est,
1062 2137 1097 2196 nt
1113 2133 1298 2198 coniectura
1313 2133 1374 2200 vix
1390 2135 1481 2202 inve·

215 2234 278 2298 nini
305 2234 454 2317 potuerit.
499 2234 605 2317 Atque
633 2234 668 2298 in
695 2234 835 2299 lectione
857 2232 945 2298 UBV
973 2232 1034 2299 hoc
1061 2235 1199 2318 primum
1227 2234 1366 2302 offendit
1394 2237 1481 2323 quod

215 2336 271 2418 qui
293 2336 418 2418 regiam
433 2333 624 2416 dignitatem
641 2343 797 2420 appetunt
814 2341 968 2423 φονεύειν
985 2335 1149 2423 ἀλλήλους
1164 2337 1324 2403 dicuntur.
1359 2339 1480 2406 Nonne

215 2436 316 2501 multo
348 2436 461 2501 fortius
490 2441 522 2501 et
550 2436 593 2501 ad
620 2458 688 2504 rem
716 2436 1002 2518 accommodatius,
1036 2437 1064 2504 si
1098 2445 1253 2526 φονεύειν
1286 2439 1481 2525 simpliciter

216 2537 379 2619 dicuntur,
408 2539 497 2603 nullo
526 2539 650 2605 obiecto
680 2539 815 2605 addito?
859 2539 972 2623 Neque
995 2541 1080 2604 enim
1103 2541 1328 2625 competitores
1350 2549 1480 2611 tannim

215 2640 387 2706 trucidant.
422 2639 566 2708 Offendit
586 2662 681 2726 porro
704 2641 789 2727 quod
812 2641 1089 2726 ἐπιβουλεύοντες
1112 2643 1209 2727 (quod
1224 2664 1288 2708 non
1303 2649 1341 2710 ut
1357 2653 1480 2734 φονεύ-

218 2767 311 2822 οντες
333 2744 480 2811 absolute
494 2745 571 2828 poni
585 2751 723 2828 poterat)
740 2765 761 2809 a
776 2743 895 2810 dativis
911 2750 943 2809 et
957 2744 1173 2828 nominativis,
1191 2745 1308 2830 quibus
1324 2749 1481 2832 coniungi

217 2846 327 2929 debet,
354 2848 558 2931 interposito:
583 2851 616 2910 οί
637 2847 868 2934 ταλαίπωροι,
898 2847 945 2910 ita
966 2852 1149 2930 separatur,
1180 2853 1216 2912 ut
1236 2848 1341 2932 primo
1365 2849 1480 2918 obtutu

217 2949 364 3013 absolute
385 2950 525 3033 positum
547 2949 600 3014 vel
621 2949 728 3033 potius
751 2949 910 3036 ἀλλήλοις
932 2967 974 3013 ex
997 2947 1161 3034 ἀλλήλους
1176 2949 1396 3032 supplendum
1412 2971 1480 3018 esse
1523 2963 1526 2968 ’

219 3048 379 3115 videatur.
412 3049 548 3115 Accedit
570 3050 656 3134 quod
679 3051 949 3139 eiectatamque
971 3050 1071 3114 multo
1093 3049 1201 3133 aptius
1220 3049 1263 3115 ad
1279 3059 1481 3139 φονεύοντες

217 3150 354 3216 refertur
364 3171 461 3235 quam
473 3152 515 3216 ad
523 3153 809 3235 ἐπιβουλεύοντες.
827 3152 978 3218 Praefero
989 3153 1090 3234 igitur
1100 3152 1270 3216 lectionem
1277 3153 1356 3218 PW.
1364 3154 1480 3241 Neque

217 3261 327 3320 tamen
338 3255 385 3319 ita
396 3261 583 3339 comparata
594 3261 643 3321 est
657 3255 753 3320 lectio
768 3253 865 3336 UBV,
881 3260 917 3319 ut
931 3253 974 3319 ad
988 3253 1268 3338 interpolationem
1283 3275 1479 3341 quemquam

219 3357 363 3422 excitare
377 3357 525 3440 potuerit,
549 3377 621 3422 cum
636 3355 903 3423 reconditioribus
917 3357 1005 3422 vitiis
1019 3356 1145 3422 laboret
1159 3375 1256 3440 quam
1272 3376 1359 3439 quae
1369 3361 1480 3426 statim

217 3457 340 3542 legenti
357 3477 392 3524 se
411 3459 556 3525 offerant.
568 3496 610 3505 —
624 3464 671 3542 15,
690 3466 704 3524 1
720 3457 867 3538 ὀκλάζων
880 3459 948 3524 PW
967 3465 1064 3541 recte,
1092 3456 1247 3541 ἀκμάζων
1266 3457 1366 3541 UBV,
1394 3457 1480 3545 quod

216 3581 313 3627 sensu
332 3567 430 3626 caret.
447 3597 487 3607 —-
509 3566 556 3644 15,
570 3566 590 3625 4
602 3565 748 3644 ἀντίμὲν
760 3563 819 3625 τού
837 3567 897 3626 etc.
909 3561 986 3626 PW.
1016 3560 1101 3625 Ante
1114 3565 1188 3624 ἀντὶ
1200 3560 1234 3624 in
1246 3557 1336 3624 UBV
1348 3561 1480 3628 additur

216 3668 281 3728 καί.
295 3701 337 3710 -
352 3668 399 3746 15,
413 3666 453 3726 26
467 3668 595 3748 πότερα
609 3657 710 3727 αὐτὸν
723 3667 855 3748 ἀρέσειε
867 3660 951 3746 (τῶν
964 3667 1171 3748 πραγμάτων
1183 3666 1239 3726 καί
1251 3660 1403 3749 ποτέρα>
1413 3665 1478 3728 τῶν

217 3767 388 3851 γυναικῶν.
405 3765 496 3844 Quae
506 3765 632 3830 uncinis
642 3765 830 3829 inclusimus
839 3764 873 3826 in
883 3763 950 3827 PW
958 3763 1155 3846 omittuntur,
1168 3764 1202 3828 in
1210 3762 1298 3829 UBV
1306 3764 1354 3829 ita
1365 3764 1480 3848 legun·

216 3876 284 3932 tur:
307 3872 348 3931 τὰ
374 3867 555 3953 πράγματα
578 3870 635 3930 καί
657 3873 796 3951 ποτέρα,
818 3864 905 3930 unde
927 3867 992 3928 τῶν
1009 3871 1216 3952 πραγμάτων
1238 3870 1325 3930 recle
1348 3868 1479 3951 scripsit

220 3969 381 4036 Reiskius.
416 3967 522 4050 Atque
544 3967 604 4031 hoc
626 3967 732 4050 ipsum
753 3968 788 4031 in
809 3966 983 4050 archetypo
999 3967 1066 4032 PW
1082 3968 1235 4050 scriptum
1249 3965 1350 4033 fuisse
1365 3969 1480 4052 proba·

219 4073 286 4139 bile
309 4078 366 4137 est.
400 4069 484 4134 Nam
507 4089 528 4133 a
549 4069 656 4154 priore
671 4070 736 4132 τῶν
752 4068 795 4133 ad
810 4070 947 4134 alterum
962 4068 1113 4134 librarius
1129 4067 1301 4132 aberravit.
1318 4103 1359 4115 -
1378 4073 1479 4153 tc,1c

223 4173 333 4262 φύλαξ
357 4193 412 4237 σοι
434 4183 493 4260 τῆς
516 4175 618 4259 ἀρχῆς
640 4171 706 4235 PW
730 4190 786 4235 σοι
808 4191 869 4235 om.
892 4170 989 4253 UBV,
1013 4171 1076 4236 nisi
1095 4168 1181 4252 quod
1196 4169 1223 4234 B
1239 4189 1280 4234 ex
1296 4171 1481 4236 coniectura

219 4288 278 4364 τῆς
309 4288 369 4364 σῆς
397 4274 533 4358 scripsit.
558 4308 595 4319 -
623 4278 671 4353 17,
697 4278 734 4336 15
764 4267 786 4359 ᾗ
817 4280 943 4359 πρέπει
971 4278 1029 4336 τύν
1062 4274 1140 4336 νοῦν
1170 4277 1350 4358 προσέχειν
1374 4274 1480 4359 ἄνδρα

221 4378 288 4442 PW
316 4384 417 4459 recte,
446 4381 502 4440 καί
530 4376 655 4462 ἀνύροις
683 4378 787 4452 (eraso
810 4377 839 4453 ς)
861 4375 890 4439 V
913 4377 978 4439 τῶν
1008 4375 1137 4461 ἀνδρῶν
1166 4373 1233 4438 UB.
1257 4410 1298 4418 -
1324 4380 1373 4457 17,
1400 4366 1480 4460 1812*

222 4479 295 4555 πῶς
317 4478 384 4543 PW
406 4484 508 4559 recte,
532 4482 563 4541 εί
587 4478 622 4542 ἀὲ
644 4481 688 4564 μὴ
713 4497 770 4560 pro
792 4482 811 4565 ἢ
836 4476 933 4542 UBV.
958 4481 1000 4557 (εί
1024 4477 1059 4540 di
1082 4483 1126 4565 μή
1151 4496 1192 4542 ex
1215 4475 1482 4543 antecedentibus
