<?xml version="1.0" encoding="UTF-8"?>
<!DOCTYPE html PUBLIC "-//W3C//DTD XHTML 1.0 Transitional//EN"
    "http://www.w3.org/TR/xhtml1/DTD/xhtml1-transitional.dtd">
<html xmlns="http://www.w3.org/1999/xhtml" xml:lang="en" lang="en">
 <head>
  <title>
</title>
<meta http-equiv="Content-Type" content="text/html;charset=utf-8" />
  <meta name='ocr-system' content='tesseract 3.04.00' />
  <meta name='ocr-capabilities' content='ocr_page ocr_carea ocr_par ocr_line ocrx_word'/>
</head>
<body>
  <div class='ocr_page' id='page_1' title='image "./quaeexstantomni00diogoog_0352.png"; bbox 0 0 3068 5160; ppageno 0'>
   <div class='ocr_carea' id='block_1_1' title="bbox 109 326 955 395">
    <p class='ocr_par' dir='ltr' id='par_1_1' title="bbox 109 326 955 395">
     <span class='ocr_line' id='line_1_1' title="bbox 109 326 955 395; baseline -0.014 -1"><span class='ocrx_word' id='word_1_1' title='bbox 109 333 172 395; x_wconf 82' lang='lat'><strong><em>302</em></strong></span> <span class='ocrx_word' id='word_1_2' title='bbox 525 328 648 384; x_wconf 69' lang='lat' dir='ltr'><strong>1110le</strong></span> <span class='ocrx_word' id='word_1_3' title='bbox 666 327 825 384; x_wconf 82' lang='lat' dir='ltr'><strong>TARSICA</strong></span> <span class='ocrx_word' id='word_1_4' title='bbox 842 326 955 383; x_wconf 86' lang='lat' dir='ltr'>PRIOR</span> 
     </span>
    </p>
   </div>
   <div class='ocr_carea' id='block_1_2' title="bbox 64 496 1446 1708">
    <p class='ocr_par' dir='ltr' id='par_1_2' title="bbox 110 496 1446 995">
     <span class='ocr_line' id='line_1_2' title="bbox 110 496 1446 586; baseline -0.003 -17"><span class='ocrx_word' id='word_1_5' title='bbox 110 528 185 585; x_wconf 90' lang='grc' dir='ltr'><strong><em>τος,</em></strong></span> <span class='ocrx_word' id='word_1_6' title='bbox 217 508 251 568; x_wconf 80' lang='grc' dir='ltr'><strong><em>οἱ</em></strong></span> <span class='ocrx_word' id='word_1_7' title='bbox 280 502 316 568; x_wconf 83' lang='grc' dir='ltr'><strong><em>δὲ</em></strong></span> <span class='ocrx_word' id='word_1_8' title='bbox 339 502 518 567; x_wconf 75' lang='grc' dir='ltr'><strong><em>ἐδάκνοντό</em></strong></span> <span class='ocrx_word' id='word_1_9' title='bbox 546 525 582 566; x_wconf 90' lang='grc' dir='ltr'><strong><em>τε</em></strong></span> <span class='ocrx_word' id='word_1_10' title='bbox 612 505 668 566; x_wconf 88' lang='grc' dir='ltr'><strong><em>καί</em></strong></span> <span class='ocrx_word' id='word_1_11' title='bbox 690 501 851 586; x_wconf 73' lang='grc' dir='ltr'><strong><em>ἐδάκρυον</em></strong></span> <span class='ocrx_word' id='word_1_12' title='bbox 879 503 935 564; x_wconf 89' lang='grc' dir='ltr'><strong><em>καί</em></strong></span> <span class='ocrx_word' id='word_1_13' title='bbox 957 498 1057 586; x_wconf 84' lang='grc' dir='ltr'><strong><em>δριμύ</em></strong></span> <span class='ocrx_word' id='word_1_14' title='bbox 1082 503 1140 564; x_wconf 89' lang='grc' dir='ltr'><strong><em>καί</em></strong></span> <span class='ocrx_word' id='word_1_15' title='bbox 1162 496 1274 586; x_wconf 74' lang='grc' dir='ltr'><strong><em>ἀηδὲς</em></strong></span> <span class='ocrx_word' id='word_1_16' title='bbox 1298 499 1446 571; x_wconf 74' lang='grc' dir='ltr'><strong><em>αύτόιονού</em></strong></span> 
     </span>
     <span class='ocr_line' id='line_1_3' title="bbox 110 598 1382 693; baseline -0.006 -24"><span class='ocrx_word' id='word_1_17' title='bbox 110 614 260 693; x_wconf 84' lang='grc' dir='ltr'><strong><em>ηγοῦντο.</em></strong></span> <span class='ocrx_word' id='word_1_18' title='bbox 304 610 348 692; x_wconf 77' lang='grc' dir='ltr'><strong><em>μὴ</em></strong></span> <span class='ocrx_word' id='word_1_19' title='bbox 374 607 432 668; x_wconf 79' lang='grc' dir='ltr'><strong><em>οὖν</em></strong></span> <span class='ocrx_word' id='word_1_20' title='bbox 454 608 510 668; x_wconf 90' lang='grc' dir='ltr'><strong><em>καί</em></strong></span> <span class='ocrx_word' id='word_1_21' title='bbox 531 608 627 685; x_wconf 80' lang='grc' dir='ltr'><em>ὑμεῖς</em></span> <span class='ocrx_word' id='word_1_22' title='bbox 649 600 838 688; x_wconf 80' lang='grc' dir='ltr'><strong><em>ἐπιζητεῖτε</em></strong></span> <span class='ocrx_word' id='word_1_23' title='bbox 860 603 1053 686; x_wconf 89' lang='grc' dir='ltr'><strong><em>γεύσασθαι</em></strong></span> <span class='ocrx_word' id='word_1_24' title='bbox 1079 609 1147 665; x_wconf 84' lang='grc' dir='ltr'><strong><em>τῶν</em></strong></span> <span class='ocrx_word' id='word_1_25' title='bbox 1171 604 1209 664; x_wconf 78' lang='grc' dir='ltr'><strong><em>ἐκ</em></strong></span> <span class='ocrx_word' id='word_1_26' title='bbox 1236 598 1382 688; x_wconf 89' lang='grc' dir='ltr'><strong><em>φιλοσο-</em></strong></span> 
     </span>
     <span class='ocr_line' id='line_1_4' title="bbox 112 699 1385 796; baseline -0.005 -26"><span class='ocrx_word' id='word_1_27' title='bbox 112 712 195 796; x_wconf 98' lang='grc' dir='ltr'><strong><em>φίας</em></strong></span> <span class='ocrx_word' id='word_1_28' title='bbox 219 706 340 790; x_wconf 91' lang='grc' dir='ltr'><strong><em>λόγων,</em></strong></span> <span class='ocrx_word' id='word_1_29' title='bbox 372 709 487 792; x_wconf 86' lang='grc' dir='ltr'><strong><em>ὥσπερ</em></strong></span> <span class='ocrx_word' id='word_1_30' title='bbox 521 704 701 792; x_wconf 84' lang='grc' dir='ltr'><strong><em>ὀφθαλμοὶ</em></strong></span> <span class='ocrx_word' id='word_1_31' title='bbox 722 703 874 786; x_wconf 92' lang='grc' dir='ltr'><strong><em>μέλιτος·</em></strong></span> <span class='ocrx_word' id='word_1_32' title='bbox 904 707 1024 768; x_wconf 78' lang='grc' dir='ltr'><strong><em>ἔπειτα</em></strong></span> <span class='ocrx_word' id='word_1_33' title='bbox 1048 703 1145 785; x_wconf 81' lang='grc' dir='ltr'><strong><em>οἶμαι</em></strong></span> <span class='ocrx_word' id='word_1_34' title='bbox 1175 704 1238 766; x_wconf 84' lang='grc' dir='ltr'><strong><em>καί</em></strong></span> <span class='ocrx_word' id='word_1_35' title='bbox 1265 699 1385 765; x_wconf 90' lang='grc' dir='ltr'><strong><em>δακνό-</em></strong></span> 
     </span>
     <span class='ocr_line' id='line_1_5' title="bbox 110 803 1387 895; baseline -0.006 -21"><span class='ocrx_word' id='word_1_36' title='bbox 110 832 207 892; x_wconf 90' lang='grc' dir='ltr'><strong><em>μενοι</em></strong></span> <span class='ocrx_word' id='word_1_37' title='bbox 237 807 467 895; x_wconf 78' lang='grc' dir='ltr'><strong><em>δυσχερανεῖτε</em></strong></span> <span class='ocrx_word' id='word_1_38' title='bbox 496 811 552 872; x_wconf 89' lang='grc' dir='ltr'><strong><em>καί</em></strong></span> <span class='ocrx_word' id='word_1_39' title='bbox 582 811 707 895; x_wconf 81' lang='grc' dir='ltr'><strong><em>φήσετε</em></strong></span> <span class='ocrx_word' id='word_1_40' title='bbox 737 807 820 882; x_wconf 87' lang='grc' dir='ltr'><em>ἴσως</em></span> <span class='ocrx_word' id='word_1_41' title='bbox 851 804 1006 888; x_wconf 76' lang='grc' dir='ltr'><em>οὐδαμῶς</em></span> <span class='ocrx_word' id='word_1_42' title='bbox 1041 803 1264 893; x_wconf 77' lang='grc' dir='ltr'><strong><em>φιλοσοφίαν</em></strong></span> <span class='ocrx_word' id='word_1_43' title='bbox 1297 803 1387 867; x_wconf 85' lang='grc' dir='ltr'><strong><em>εἶναι</em></strong></span> 
     </span>
     <span class='ocr_line' id='line_1_6' title="bbox 112 907 1416 995; baseline -0.007 -20"><span class='ocrx_word' id='word_1_44' title='bbox 112 917 150 975; x_wconf 87' lang='grc' dir='ltr'><strong><em>τό</em></strong></span> <span class='ocrx_word' id='word_1_45' title='bbox 175 921 339 989; x_wconf 83' lang='grc' dir='ltr'><strong><em>τοιοῦτον,</em></strong></span> <span class='ocrx_word' id='word_1_46' title='bbox 363 909 448 974; x_wconf 92' lang='grc' dir='ltr'><strong><em>ἀλλά</em></strong></span> <span class='ocrx_word' id='word_1_47' title='bbox 473 908 646 995; x_wconf 78' lang='grc' dir='ltr'><strong><em>λοιδορίαν</em></strong></span> <span class='ocrx_word' id='word_1_48' title='bbox 667 911 724 972; x_wconf 90' lang='grc' dir='ltr'><strong><em>καί</em></strong></span> <span class='ocrx_word' id='word_1_49' title='bbox 745 907 883 993; x_wconf 90' lang='grc' dir='ltr'><strong><em>βλάβην.</em></strong></span> <span class='ocrx_word' id='word_1_50' title='bbox 1405 930 1416 978; x_wconf 73' lang='lat'><strong>5</strong></span> 
     </span>
    </p>

    <p class='ocr_par' dir='ltr' id='par_1_3' title="bbox 64 1009 1430 1708">
     <span class='ocr_line' id='line_1_7' title="bbox 64 1009 1388 1100; baseline -0.006 -22"><span class='ocrx_word' id='word_1_51' title='bbox 64 1018 101 1078; x_wconf 83' lang='lat'><strong><em>17</em></strong></span> <span class='ocrx_word' id='word_1_52' title='bbox 197 1015 339 1100; x_wconf 82' lang='grc' dir='ltr'><strong><em>ηγεῖσθε</em></strong></span> <span class='ocrx_word' id='word_1_53' title='bbox 366 1016 428 1094; x_wconf 83' lang='grc' dir='ltr'><strong><em>μὲν</em></strong></span> <span class='ocrx_word' id='word_1_54' title='bbox 456 1016 536 1097; x_wconf 89' lang='grc' dir='ltr'><strong><em>γάρ,</em></strong></span> <span class='ocrx_word' id='word_1_55' title='bbox 568 1009 753 1096; x_wconf 83' lang='grc' dir='ltr'><strong><em>ὦάνδρες,</em></strong></span> <span class='ocrx_word' id='word_1_56' title='bbox 783 1010 985 1093; x_wconf 89' lang='grc' dir='ltr'><strong><em>εύδαίμονας</em></strong></span> <span class='ocrx_word' id='word_1_57' title='bbox 1014 1012 1155 1085; x_wconf 78' lang='grc' dir='ltr'><strong><em>ἑαυτούς</em></strong></span> <span class='ocrx_word' id='word_1_58' title='bbox 1183 1009 1248 1072; x_wconf 88' lang='grc' dir='ltr'><strong><em>καί</em></strong></span> <span class='ocrx_word' id='word_1_59' title='bbox 1279 1029 1388 1089; x_wconf 88' lang='grc' dir='ltr'><strong><em>μακα-</em></strong></span> 
     </span>
     <span class='ocr_line' id='line_1_8' title="bbox 112 1112 1389 1202; baseline -0.005 -24"><span class='ocrx_word' id='word_1_60' title='bbox 112 1118 222 1199; x_wconf 87' lang='grc' dir='ltr'><strong><em>ρίους,</em></strong></span> <span class='ocrx_word' id='word_1_61' title='bbox 252 1113 370 1202; x_wconf 76' lang='grc' dir='ltr'><strong><em>ἐπειδὴ</em></strong></span> <span class='ocrx_word' id='word_1_62' title='bbox 401 1113 503 1177; x_wconf 90' lang='grc' dir='ltr'><strong><em>πόλιν</em></strong></span> <span class='ocrx_word' id='word_1_63' title='bbox 526 1135 562 1177; x_wconf 90' lang='grc' dir='ltr'><strong><em>τε</em></strong></span> <span class='ocrx_word' id='word_1_64' title='bbox 584 1113 730 1199; x_wconf 78' lang='grc' dir='ltr'><strong><em>μεγάλην</em></strong></span> <span class='ocrx_word' id='word_1_65' title='bbox 754 1117 875 1177; x_wconf 81' lang='grc' dir='ltr'><strong><em>οἰκεῖτε</em></strong></span> <span class='ocrx_word' id='word_1_66' title='bbox 904 1116 961 1177; x_wconf 90' lang='grc' dir='ltr'><strong><em>καί</em></strong></span> <span class='ocrx_word' id='word_1_67' title='bbox 980 1116 1093 1197; x_wconf 88' lang='grc' dir='ltr'><strong><em>χώραν</em></strong></span> <span class='ocrx_word' id='word_1_68' title='bbox 1120 1112 1267 1197; x_wconf 74' lang='grc' dir='ltr'><strong><em>ἀγαθὴν</em></strong></span> <span class='ocrx_word' id='word_1_69' title='bbox 1293 1113 1389 1190; x_wconf 89' lang='grc' dir='ltr'><strong><em>νέμε·</em></strong></span> 
     </span>
     <span class='ocr_line' id='line_1_9' title="bbox 114 1208 1389 1303; baseline -0.005 -24"><span class='ocrx_word' id='word_1_70' title='bbox 114 1219 179 1281; x_wconf 90' lang='grc' dir='ltr'><strong><em>σθε</em></strong></span> <span class='ocrx_word' id='word_1_71' title='bbox 202 1220 259 1281; x_wconf 90' lang='grc' dir='ltr'><strong><em>καί</em></strong></span> <span class='ocrx_word' id='word_1_72' title='bbox 281 1215 426 1281; x_wconf 88' lang='grc' dir='ltr'><strong><em>πλεῖστα</em></strong></span> <span class='ocrx_word' id='word_1_73' title='bbox 451 1216 489 1303; x_wconf 82' lang='grc' dir='ltr'><strong><em>δη</em></strong></span> <span class='ocrx_word' id='word_1_74' title='bbox 512 1218 570 1279; x_wconf 87' lang='grc' dir='ltr'><strong><em>καί</em></strong></span> <span class='ocrx_word' id='word_1_75' title='bbox 592 1218 825 1302; x_wconf 70' lang='grc' dir='ltr'><strong><em>ἀφθονώτατα</em></strong></span> <span class='ocrx_word' id='word_1_76' title='bbox 850 1208 936 1299; x_wconf 79' lang='grc' dir='ltr'><strong><em>παρ’</em></strong></span> <span class='ocrx_word' id='word_1_77' title='bbox 970 1218 1085 1289; x_wconf 81' lang='grc' dir='ltr'><strong><em>αὐτοῖς</em></strong></span> <span class='ocrx_word' id='word_1_78' title='bbox 1108 1215 1212 1298; x_wconf 84' lang='grc' dir='ltr'><strong><em>όρυῖτε</em></strong></span> <span class='ocrx_word' id='word_1_79' title='bbox 1239 1213 1288 1274; x_wconf 84' lang='grc' dir='ltr'><strong><em>τά</em></strong></span> <span class='ocrx_word' id='word_1_80' title='bbox 1313 1214 1389 1274; x_wconf 78' lang='grc' dir='ltr'><strong><em>ἐπι-</em></strong></span> 
     </span>
     <span class='ocr_line' id='line_1_10' title="bbox 112 1313 1390 1405; baseline -0.003 -24"><span class='ocrx_word' id='word_1_81' title='bbox 112 1317 247 1405; x_wconf 80' lang='grc' dir='ltr'><strong><em>τήδεια,</em></strong></span> <span class='ocrx_word' id='word_1_82' title='bbox 274 1321 331 1382; x_wconf 89' lang='grc' dir='ltr'><strong><em>καί</em></strong></span> <span class='ocrx_word' id='word_1_83' title='bbox 354 1323 509 1400; x_wconf 88' lang='grc' dir='ltr'><strong><em>ποταμός</em></strong></span> <span class='ocrx_word' id='word_1_84' title='bbox 537 1321 614 1399; x_wconf 89' lang='grc' dir='ltr'><strong><em>ύμῖν</em></strong></span> <span class='ocrx_word' id='word_1_85' title='bbox 641 1317 739 1393; x_wconf 88' lang='grc' dir='ltr'><strong><em>ούτος</em></strong></span> <span class='ocrx_word' id='word_1_86' title='bbox 770 1316 826 1382; x_wconf 92' lang='grc' dir='ltr'><strong><em>διά</em></strong></span> <span class='ocrx_word' id='word_1_87' title='bbox 849 1323 955 1403; x_wconf 80' lang='grc' dir='ltr'><em>μέσης</em></span> <span class='ocrx_word' id='word_1_88' title='bbox 985 1314 1121 1402; x_wconf 86' lang='grc' dir='ltr'><strong><em>διαρρεῖ</em></strong></span> <span class='ocrx_word' id='word_1_89' title='bbox 1144 1324 1207 1402; x_wconf 81' lang='grc' dir='ltr'><strong><em>τῆς</em></strong></span> <span class='ocrx_word' id='word_1_90' title='bbox 1234 1313 1390 1393; x_wconf 87' lang='grc' dir='ltr'><strong><em>πόλεως,</em></strong></span> 
     </span>
     <span class='ocr_line' id='line_1_11' title="bbox 114 1414 1430 1506; baseline -0.003 -24"><span class='ocrx_word' id='word_1_91' title='bbox 114 1423 201 1505; x_wconf 88' lang='grc' dir='ltr'><strong><em>πρὸς</em></strong></span> <span class='ocrx_word' id='word_1_92' title='bbox 223 1423 358 1495; x_wconf 84' lang='grc' dir='ltr'><strong><em>τούτοις</em></strong></span> <span class='ocrx_word' id='word_1_93' title='bbox 381 1417 417 1483; x_wconf 83' lang='grc' dir='ltr'><strong><em>δὲ</em></strong></span> <span class='ocrx_word' id='word_1_94' title='bbox 439 1418 651 1506; x_wconf 89' lang='grc' dir='ltr'><strong><em>μητρόπολις</em></strong></span> <span class='ocrx_word' id='word_1_95' title='bbox 680 1425 699 1506; x_wconf 80' lang='grc' dir='ltr'><strong><em>η</em></strong></span> <span class='ocrx_word' id='word_1_96' title='bbox 727 1423 860 1506; x_wconf 86' lang='grc' dir='ltr'><strong><em>Ταρσὸς</em></strong></span> <span class='ocrx_word' id='word_1_97' title='bbox 882 1428 950 1484; x_wconf 84' lang='grc' dir='ltr'><strong><em>τῶν</em></strong></span> <span class='ocrx_word' id='word_1_98' title='bbox 971 1420 1056 1481; x_wconf 83' lang='grc' dir='ltr'><strong><em>κατά</em></strong></span> <span class='ocrx_word' id='word_1_99' title='bbox 1078 1414 1258 1481; x_wconf 86' lang='grc' dir='ltr'><strong><em>Κιλικίαν.</em></strong></span> <span class='ocrx_word' id='word_1_100' title='bbox 1310 1419 1331 1480; x_wconf 87' lang='grc' dir='ltr'>ὁ</span> <span class='ocrx_word' id='word_1_101' title='bbox 1355 1414 1389 1479; x_wconf 84' lang='grc' dir='ltr'><strong><em>δί</em></strong></span> <span class='ocrx_word' id='word_1_102' title='bbox 1409 1440 1430 1490; x_wconf 80' lang='grc' dir='ltr'><strong><em>η</em></strong></span> 
     </span>
     <span class='ocr_line' id='line_1_12' title="bbox 109 1500 1390 1608; baseline -0.002 -25"><span class='ocrx_word' id='word_1_103' title='bbox 109 1500 313 1606; x_wconf 74' lang='grc' dir='ltr'><strong><em>Ἀρχίλοχος,</em></strong></span> <span class='ocrx_word' id='word_1_104' title='bbox 336 1525 372 1584; x_wconf 87' lang='grc' dir='ltr'><strong><em>όν</em></strong></span> <span class='ocrx_word' id='word_1_105' title='bbox 397 1544 485 1608; x_wconf 91' lang='grc' dir='ltr'><strong><em>φημι</em></strong></span> <span class='ocrx_word' id='word_1_106' title='bbox 507 1520 554 1604; x_wconf 77' lang='grc' dir='ltr'><strong><em>τῴ</em></strong></span> <span class='ocrx_word' id='word_1_107' title='bbox 574 1513 766 1585; x_wconf 83' lang='grc' dir='ltr'><strong><em>Ἀπόλλωνι</em></strong></span> <span class='ocrx_word' id='word_1_108' title='bbox 788 1525 926 1606; x_wconf 82' lang='grc' dir='ltr'><strong><em>ἀρέσαι,</em></strong></span> <span class='ocrx_word' id='word_1_109' title='bbox 955 1523 1036 1606; x_wconf 81' lang='grc' dir='ltr'><strong><em>περὶ</em></strong></span> <span class='ocrx_word' id='word_1_110' title='bbox 1059 1527 1258 1605; x_wconf 78' lang='grc' dir='ltr'><strong><em>στρατηγοῦ</em></strong></span> <span class='ocrx_word' id='word_1_111' title='bbox 1283 1517 1390 1602; x_wconf 92' lang='grc' dir='ltr'><strong><em>λέγων</em></strong></span> 
     </span>
     <span class='ocr_line' id='line_1_13' title="bbox 115 1625 347 1708; baseline 0.004 -24"><span class='ocrx_word' id='word_1_112' title='bbox 115 1625 202 1684; x_wconf 90' lang='grc' dir='ltr'><strong><em>ούτω</em></strong></span> <span class='ocrx_word' id='word_1_113' title='bbox 227 1625 347 1708; x_wconf 92' lang='grc' dir='ltr'><strong><em>φησίν·</em></strong></span> 
     </span>
    </p>
   </div>
   <div class='ocr_carea' id='block_1_3' title="bbox 269 1740 1190 1931">
    <p class='ocr_par' dir='ltr' id='par_1_4' title="bbox 269 1740 1190 1931">
     <span class='ocr_line' id='line_1_14' title="bbox 269 1740 1190 1829; baseline 0.002 -26"><span class='ocrx_word' id='word_1_114' title='bbox 269 1743 307 1803; x_wconf 93' lang='grc' dir='ltr'><strong><em>ού</em></strong></span> <span class='ocrx_word' id='word_1_115' title='bbox 332 1740 439 1829; x_wconf 88' lang='grc' dir='ltr'><strong><em>φιλέω</em></strong></span> <span class='ocrx_word' id='word_1_116' title='bbox 462 1748 566 1826; x_wconf 88' lang='grc' dir='ltr'><strong><em>μέγαν</em></strong></span> <span class='ocrx_word' id='word_1_117' title='bbox 591 1746 775 1829; x_wconf 89' lang='grc' dir='ltr'><strong><em>στρατηγόν</em></strong></span> <span class='ocrx_word' id='word_1_118' title='bbox 799 1741 875 1806; x_wconf 84' lang='grc' dir='ltr'><strong><em>ούδὲ</em></strong></span> <span class='ocrx_word' id='word_1_119' title='bbox 899 1740 1190 1824; x_wconf 77' lang='grc' dir='ltr'><strong><em>διαπεπλιγμένον</em></strong></span> 
     </span>
     <span class='ocr_line' id='line_1_15' title="bbox 269 1838 1123 1931; baseline 0.002 -26"><span class='ocrx_word' id='word_1_120' title='bbox 269 1842 345 1906; x_wconf 85' lang='grc' dir='ltr'><strong><em>ούδὲ</em></strong></span> <span class='ocrx_word' id='word_1_121' title='bbox 368 1847 588 1930; x_wconf 77' lang='grc' dir='ltr'><strong><em>βοστρύχοισι</em></strong></span> <span class='ocrx_word' id='word_1_122' title='bbox 609 1855 731 1930; x_wconf 81' lang='grc' dir='ltr'><strong><em>γαῦρον</em></strong></span> <span class='ocrx_word' id='word_1_123' title='bbox 755 1838 828 1907; x_wconf 80' lang='grc' dir='ltr'><strong><em>οὐδ’</em></strong></span> <span class='ocrx_word' id='word_1_124' title='bbox 857 1847 1123 1931; x_wconf 79' lang='grc' dir='ltr'><strong><em>ὑπεξυρημένον·</em></strong></span> 
     </span>
    </p>
   </div>
   <div class='ocr_carea' id='block_1_4' title="bbox 65 1959 1428 3070">
    <p class='ocr_par' dir='ltr' id='par_1_5' title="bbox 65 1959 1428 3070">
     <span class='ocr_line' id='line_1_16' title="bbox 116 1959 1425 2051; baseline 0.002 -28"><span class='ocrx_word' id='word_1_125' title='bbox 116 1959 201 2024; x_wconf 90' lang='grc' dir='ltr'><strong><em>ἀλλά</em></strong></span> <span class='ocrx_word' id='word_1_126' title='bbox 223 1984 293 2043; x_wconf 83' lang='grc' dir='ltr'><strong><em>μοι,</em></strong></span> <span class='ocrx_word' id='word_1_127' title='bbox 318 1965 433 2049; x_wconf 93' lang='grc' dir='ltr'><strong><em>φησίν,</em></strong></span> <span class='ocrx_word' id='word_1_128' title='bbox 457 1963 508 2050; x_wconf 85' lang='grc' dir='ltr'><strong><em>εἴη</em></strong></span> <span class='ocrx_word' id='word_1_129' title='bbox 532 1967 662 2049; x_wconf 78' lang='grc' dir='ltr'><strong><em>ῥαιβός,</em></strong></span> <span class='ocrx_word' id='word_1_130' title='bbox 687 1963 851 2051; x_wconf 80' lang='grc' dir='ltr'><strong><em>ἀσφαλῶς</em></strong></span> <span class='ocrx_word' id='word_1_131' title='bbox 873 1966 1023 2050; x_wconf 82' lang='grc' dir='ltr'><strong><em>βεβηκὼς</em></strong></span> <span class='ocrx_word' id='word_1_132' title='bbox 1044 1966 1101 2026; x_wconf 90' lang='grc' dir='ltr'><strong><em>καί</em></strong></span> <span class='ocrx_word' id='word_1_133' title='bbox 1118 1966 1180 2027; x_wconf 79' lang='grc' dir='ltr'><strong><em>ἐπὶ</em></strong></span> <span class='ocrx_word' id='word_1_134' title='bbox 1194 1967 1385 2050; x_wconf 82' lang='grc' dir='ltr'><strong><em>κνήμαισιν</em></strong></span> <span class='ocrx_word' id='word_1_135' title='bbox 1404 1984 1425 2036; x_wconf 77' lang='lat'><strong><em>15</em></strong></span> 
     </span>
     <span class='ocr_line' id='line_1_17' title="bbox 65 2062 1384 2153; baseline -0.001 -22"><span class='ocrx_word' id='word_1_136' title='bbox 65 2069 103 2131; x_wconf 90' lang='grc'><strong><em>18</em></strong></span> <span class='ocrx_word' id='word_1_137' title='bbox 118 2062 231 2140; x_wconf 89' lang='grc' dir='ltr'><strong><em>δασύς.</em></strong></span> <span class='ocrx_word' id='word_1_138' title='bbox 283 2069 327 2151; x_wconf 80' lang='grc' dir='ltr'><strong><em>μή</em></strong></span> <span class='ocrx_word' id='word_1_139' title='bbox 364 2067 422 2128; x_wconf 87' lang='grc' dir='ltr'><strong><em>οδν</em></strong></span> <span class='ocrx_word' id='word_1_140' title='bbox 456 2069 556 2129; x_wconf 86' lang='grc' dir='ltr'><strong><em>αύτδν</em></strong></span> <span class='ocrx_word' id='word_1_141' title='bbox 592 2067 710 2131; x_wconf 86' lang='grc' dir='ltr'><strong><em>οἴεσθε</em></strong></span> <span class='ocrx_word' id='word_1_142' title='bbox 746 2070 930 2153; x_wconf 89' lang='grc' dir='ltr'><strong><em>στρατηγόν</em></strong></span> <span class='ocrx_word' id='word_1_143' title='bbox 963 2069 1024 2147; x_wconf 81' lang='grc' dir='ltr'><strong><em>μὲν</em></strong></span> <span class='ocrx_word' id='word_1_144' title='bbox 1056 2069 1100 2152; x_wconf 82' lang='grc' dir='ltr'><strong><em>μη“</em></strong></span> <span class='ocrx_word' id='word_1_145' title='bbox 1135 2068 1281 2148; x_wconf 82' lang='grc' dir='ltr'><strong><em>ἀγαπᾶν</em></strong></span> <span class='ocrx_word' id='word_1_146' title='bbox 1313 2068 1384 2130; x_wconf 87' lang='grc' dir='ltr'><strong><em>οἷον</em></strong></span> 
     </span>
     <span class='ocr_line' id='line_1_18' title="bbox 115 2159 1385 2256; baseline 0.005 -30"><span class='ocrx_word' id='word_1_147' title='bbox 115 2166 235 2251; x_wconf 88' lang='grc' dir='ltr'><strong><em>εἴρηκε,</em></strong></span> <span class='ocrx_word' id='word_1_148' title='bbox 257 2159 339 2251; x_wconf 79' lang='grc' dir='ltr'><strong><em>μηδ’</em></strong></span> <span class='ocrx_word' id='word_1_149' title='bbox 365 2171 400 2230; x_wconf 86' lang='grc' dir='ltr'><strong><em>έν</em></strong></span> <span class='ocrx_word' id='word_1_150' title='bbox 424 2172 581 2249; x_wconf 86' lang='grc' dir='ltr'><strong><em>σώματος</em></strong></span> <span class='ocrx_word' id='word_1_151' title='bbox 603 2171 743 2252; x_wconf 84' lang='grc' dir='ltr'><strong><em>μεγέθει</em></strong></span> <span class='ocrx_word' id='word_1_152' title='bbox 764 2173 821 2232; x_wconf 92' lang='grc' dir='ltr'><strong><em>καί</em></strong></span> <span class='ocrx_word' id='word_1_153' title='bbox 842 2173 927 2253; x_wconf 85' lang='grc' dir='ltr'><strong><em>κόμη</em></strong></span> <span class='ocrx_word' id='word_1_154' title='bbox 950 2170 1120 2231; x_wconf 89' lang='grc' dir='ltr'><strong><em>τίθεσθαι</em></strong></span> <span class='ocrx_word' id='word_1_155' title='bbox 1141 2171 1182 2231; x_wconf 87' lang='grc' dir='ltr'><strong><em>τό</em></strong></span> <span class='ocrx_word' id='word_1_156' title='bbox 1198 2178 1268 2232; x_wconf 79' lang='grc' dir='ltr'><strong><em>του·</em></strong></span> <span class='ocrx_word' id='word_1_157' title='bbox 1286 2187 1385 2256; x_wconf 89' lang='grc' dir='ltr'><strong><em>στρα-</em></strong></span> 
     </span>
     <span class='ocr_line' id='line_1_19' title="bbox 115 2262 1385 2353; baseline 0.004 -24"><span class='ocrx_word' id='word_1_158' title='bbox 115 2276 219 2352; x_wconf 80' lang='grc' dir='ltr'><strong><em>τηγοῦ</em></strong></span> <span class='ocrx_word' id='word_1_159' title='bbox 233 2266 366 2353; x_wconf 84' lang='grc' dir='ltr'><strong><em>όφελος,</em></strong></span> <span class='ocrx_word' id='word_1_160' title='bbox 390 2262 540 2332; x_wconf 76' lang='grc' dir='ltr'><strong><em>πόλινδ’</em></strong></span> <span class='ocrx_word' id='word_1_161' title='bbox 560 2274 600 2333; x_wconf 89' lang='grc' dir='ltr'><strong><em>ἀν</em></strong></span> <span class='ocrx_word' id='word_1_162' title='bbox 616 2275 798 2334; x_wconf 84' lang='grc' dir='ltr'><strong><em>ἐπαινέσαι</em></strong></span> <span class='ocrx_word' id='word_1_163' title='bbox 813 2273 897 2332; x_wconf 81' lang='grc' dir='ltr'><strong><em>ποτέ</em></strong></span> <span class='ocrx_word' id='word_1_164' title='bbox 914 2273 963 2346; x_wconf 88' lang='grc' dir='ltr'><strong><em>εἰς</em></strong></span> <span class='ocrx_word' id='word_1_165' title='bbox 978 2279 1083 2333; x_wconf 80' lang='grc' dir='ltr'><strong><em>ταῦτα</em></strong></span> <span class='ocrx_word' id='word_1_166' title='bbox 1102 2272 1249 2352; x_wconf 82' lang='grc' dir='ltr'><strong><em>δρῶντα,</em></strong></span> <span class='ocrx_word' id='word_1_167' title='bbox 1276 2292 1385 2334; x_wconf 88' lang='grc' dir='ltr'><strong><em>ποτα·</em></strong></span> 
     </span>
     <span class='ocr_line' id='line_1_20' title="bbox 114 2369 1386 2458; baseline 0.005 -28"><span class='ocrx_word' id='word_1_168' title='bbox 114 2372 199 2449; x_wconf 91' lang='grc' dir='ltr'><strong><em>μούς</em></strong></span> <span class='ocrx_word' id='word_1_169' title='bbox 227 2373 283 2432; x_wconf 91' lang='grc' dir='ltr'><strong><em>καί</em></strong></span> <span class='ocrx_word' id='word_1_170' title='bbox 311 2369 473 2450; x_wconf 81' lang='grc' dir='ltr'><strong><em>βαλανεῖα</em></strong></span> <span class='ocrx_word' id='word_1_171' title='bbox 502 2375 559 2434; x_wconf 87' lang='grc' dir='ltr'><strong><em>καί</em></strong></span> <span class='ocrx_word' id='word_1_172' title='bbox 586 2376 709 2457; x_wconf 83' lang='grc' dir='ltr'><strong><em>κρήνας</em></strong></span> <span class='ocrx_word' id='word_1_173' title='bbox 737 2375 793 2435; x_wconf 89' lang='grc' dir='ltr'><strong><em>καί</em></strong></span> <span class='ocrx_word' id='word_1_174' title='bbox 817 2374 919 2448; x_wconf 89' lang='grc' dir='ltr'><strong><em>στοάς</em></strong></span> <span class='ocrx_word' id='word_1_175' title='bbox 941 2375 997 2436; x_wconf 89' lang='grc' dir='ltr'><strong><em>καί</em></strong></span> <span class='ocrx_word' id='word_1_176' title='bbox 1019 2371 1157 2458; x_wconf 81' lang='grc' dir='ltr'><strong><em>πλῆθος</em></strong></span> <span class='ocrx_word' id='word_1_177' title='bbox 1180 2374 1307 2436; x_wconf 84' lang='grc' dir='ltr'><strong><em>οἰκιῶν</em></strong></span> <span class='ocrx_word' id='word_1_178' title='bbox 1329 2375 1386 2436; x_wconf 86' lang='grc' dir='ltr'><strong><em>καί</em></strong></span> 
     </span>
     <span class='ocr_line' id='line_1_21' title="bbox 115 2467 1426 2559; baseline 0.002 -27"><span class='ocrx_word' id='word_1_179' title='bbox 115 2472 278 2552; x_wconf 83' lang='grc' dir='ltr'><strong><em>μέγεθος·</em></strong></span> <span class='ocrx_word' id='word_1_180' title='bbox 306 2476 390 2557; x_wconf 82' lang='grc' dir='ltr'><strong><em>κόμη</em></strong></span> <span class='ocrx_word' id='word_1_181' title='bbox 420 2473 483 2557; x_wconf 89' lang='grc' dir='ltr'><strong><em>γάρ</em></strong></span> <span class='ocrx_word' id='word_1_182' title='bbox 513 2475 658 2552; x_wconf 84' lang='grc' dir='ltr'><strong><em>ἀτεχνῶς</em></strong></span> <span class='ocrx_word' id='word_1_183' title='bbox 686 2476 743 2536; x_wconf 82' lang='grc' dir='ltr'><strong><em>καὶ</em></strong></span> <span class='ocrx_word' id='word_1_184' title='bbox 769 2476 970 2559; x_wconf 83' lang='grc' dir='ltr'><strong><em>βοστρύχοις</em></strong></span> <span class='ocrx_word' id='word_1_185' title='bbox 1000 2482 1104 2536; x_wconf 78' lang='grc' dir='ltr'><strong><em>ταῦτα</em></strong></span> <span class='ocrx_word' id='word_1_186' title='bbox 1135 2475 1266 2537; x_wconf 84' lang='grc' dir='ltr'><strong><em>ἔοικεν·</em></strong></span> <span class='ocrx_word' id='word_1_187' title='bbox 1302 2467 1426 2543; x_wconf 78' lang='grc' dir='ltr'><strong><em>ἀλλή</em></strong></span> 
     </span>
     <span class='ocr_line' id='line_1_22' title="bbox 117 2571 1383 2661; baseline 0.004 -27"><span class='ocrx_word' id='word_1_188' title='bbox 117 2575 230 2655; x_wconf 83' lang='grc' dir='ltr'><strong><em>ἔμοιγε</em></strong></span> <span class='ocrx_word' id='word_1_189' title='bbox 260 2571 355 2636; x_wconf 90' lang='grc' dir='ltr'><strong><em>δοκεῖ</em></strong></span> <span class='ocrx_word' id='word_1_190' title='bbox 371 2572 497 2654; x_wconf 86' lang='grc' dir='ltr'><strong><em>μάλλον</em></strong></span> <span class='ocrx_word' id='word_1_191' title='bbox 520 2577 560 2637; x_wconf 90' lang='grc' dir='ltr'><strong><em>ἀν</em></strong></span> <span class='ocrx_word' id='word_1_192' title='bbox 582 2578 711 2638; x_wconf 88' lang='grc' dir='ltr'><strong><em>τούτων</em></strong></span> <span class='ocrx_word' id='word_1_193' title='bbox 734 2582 916 2661; x_wconf 86' lang='grc' dir='ltr'><strong><em>προκρῖναι</em></strong></span> <span class='ocrx_word' id='word_1_194' title='bbox 946 2578 1087 2660; x_wconf 92' lang='grc' dir='ltr'><strong><em>σμικράν</em></strong></span> <span class='ocrx_word' id='word_1_195' title='bbox 1109 2597 1145 2638; x_wconf 92' lang='grc' dir='ltr'><strong><em>τε</em></strong></span> <span class='ocrx_word' id='word_1_196' title='bbox 1173 2579 1233 2639; x_wconf 84' lang='grc' dir='ltr'><strong><em>καί</em></strong></span> <span class='ocrx_word' id='word_1_197' title='bbox 1265 2574 1383 2661; x_wconf 85' lang='grc' dir='ltr'><strong><em>ὀλίγην</em></strong></span> 
     </span>
     <span class='ocr_line' id='line_1_23' title="bbox 68 2670 1381 2762; baseline -0.001 -23"><span class='ocrx_word' id='word_1_198' title='bbox 68 2681 105 2742; x_wconf 84' lang='grc'><strong><em>19</em></strong></span> <span class='ocrx_word' id='word_1_199' title='bbox 118 2679 304 2761; x_wconf 86' lang='grc' dir='ltr'><strong><em>σωφρόνως</em></strong></span> <span class='ocrx_word' id='word_1_200' title='bbox 327 2679 522 2762; x_wconf 84' lang='grc' dir='ltr'><strong><em>οἰκουμένην</em></strong></span> <span class='ocrx_word' id='word_1_201' title='bbox 544 2680 605 2740; x_wconf 88' lang='grc' dir='ltr'><strong><em>κάν</em></strong></span> <span class='ocrx_word' id='word_1_202' title='bbox 627 2681 687 2740; x_wconf 80' lang='grc' dir='ltr'><strong><em>ἑπί</em></strong></span> <span class='ocrx_word' id='word_1_203' title='bbox 702 2684 838 2762; x_wconf 87' lang='grc' dir='ltr'><strong><em>πέτρας.</em></strong></span> <span class='ocrx_word' id='word_1_204' title='bbox 877 2676 962 2753; x_wconf 83' lang='grc' dir='ltr'><strong><em>ἀλλά</em></strong></span> <span class='ocrx_word' id='word_1_205' title='bbox 982 2670 1175 2762; x_wconf 87' lang='grc' dir='ltr'><strong><em>Ἀρχίλοχος</em></strong></span> <span class='ocrx_word' id='word_1_206' title='bbox 1190 2680 1255 2758; x_wconf 83' lang='grc' dir='ltr'><strong><em>μὲν</em></strong></span> <span class='ocrx_word' id='word_1_207' title='bbox 1272 2680 1381 2751; x_wconf 85' lang='grc' dir='ltr'><strong><em>οότως</em></strong></span> 
     </span>
     <span class='ocr_line' id='line_1_24' title="bbox 117 2771 1376 2865; baseline -0.001 -25"><span class='ocrx_word' id='word_1_208' title='bbox 117 2777 223 2856; x_wconf 86' lang='grc' dir='ltr'><strong><em>εἶπεν,</em></strong></span> <span class='ocrx_word' id='word_1_209' title='bbox 240 2771 386 2864; x_wconf 87' lang='grc' dir='ltr'><strong><em>Ὅμηρος</em></strong></span> <span class='ocrx_word' id='word_1_210' title='bbox 410 2778 445 2841; x_wconf 83' lang='grc' dir='ltr'><strong><em>δέ</em></strong></span> <span class='ocrx_word' id='word_1_211' title='bbox 470 2787 544 2854; x_wconf 85' lang='grc' dir='ltr'><strong><em>πῶς</em></strong></span> <span class='ocrx_word' id='word_1_212' title='bbox 551 2802 562 2855; x_wconf 89' lang='grc'><strong><em>;</em></strong></span> <span class='ocrx_word' id='word_1_213' title='bbox 587 2781 644 2859; x_wconf 91' lang='grc' dir='ltr'><strong><em>ούχ</em></strong></span> <span class='ocrx_word' id='word_1_214' title='bbox 668 2783 686 2841; x_wconf 86' lang='grc' dir='ltr'><strong><em>δ</em></strong></span> <span class='ocrx_word' id='word_1_215' title='bbox 706 2783 767 2860; x_wconf 81' lang='grc' dir='ltr'><strong><em>μέν</em></strong></span> <span class='ocrx_word' id='word_1_216' title='bbox 780 2773 959 2857; x_wconf 87' lang='grc' dir='ltr'><strong><em>Ὀδυσσεύς</em></strong></span> <span class='ocrx_word' id='word_1_217' title='bbox 974 2783 1141 2865; x_wconf 88' lang='grc' dir='ltr'><strong><em>νησιώτης</em></strong></span> <span class='ocrx_word' id='word_1_218' title='bbox 1156 2777 1197 2864; x_wconf 77' lang='grc' dir='ltr'><strong><em>ἦν</em></strong></span> <span class='ocrx_word' id='word_1_219' title='bbox 1215 2777 1294 2844; x_wconf 79' lang='grc' dir='ltr'><strong><em>ούδδ</em></strong></span> <span class='ocrx_word' id='word_1_220' title='bbox 1308 2786 1376 2840; x_wconf 81' lang='grc' dir='ltr'><strong><em>τῶν</em></strong></span> 
     </span>
     <span class='ocr_line' id='line_1_25' title="bbox 119 2873 1380 2967; baseline 0.002 -25"><span class='ocrx_word' id='word_1_221' title='bbox 119 2887 316 2967; x_wconf 84' lang='grc' dir='ltr'><strong><em>συμμέτρων</em></strong></span> <span class='ocrx_word' id='word_1_222' title='bbox 345 2884 471 2966; x_wconf 78' lang='grc' dir='ltr'><strong><em>νήσων·</em></strong></span> <span class='ocrx_word' id='word_1_223' title='bbox 506 2882 637 2957; x_wconf 69' lang='grc' dir='ltr'><strong><em>πόθους</em></strong></span> <span class='ocrx_word' id='word_1_224' title='bbox 666 2881 742 2944; x_wconf 80' lang='grc' dir='ltr'><strong><em>ούδὲ</em></strong></span> <span class='ocrx_word' id='word_1_225' title='bbox 772 2891 838 2946; x_wconf 87' lang='grc' dir='ltr'><strong><em>τῶν</em></strong></span> <span class='ocrx_word' id='word_1_226' title='bbox 867 2886 1059 2967; x_wconf 81' lang='grc' dir='ltr'><strong><em>ἐγκάρπων,</em></strong></span> <span class='ocrx_word' id='word_1_227' title='bbox 1093 2873 1169 2943; x_wconf 79' lang='grc' dir='ltr'><strong><em>ἀλλ’</em></strong></span> <span class='ocrx_word' id='word_1_228' title='bbox 1202 2882 1244 2966; x_wconf 78' lang='grc' dir='ltr'><strong><em>ἢν</em></strong></span> <span class='ocrx_word' id='word_1_229' title='bbox 1274 2883 1380 2962; x_wconf 90' lang='grc' dir='ltr'><strong><em>μόνον</em></strong></span> 
     </span>
     <span class='ocr_line' id='line_1_26' title="bbox 118 2977 1428 3070; baseline 0 -25"><span class='ocrx_word' id='word_1_230' title='bbox 118 2987 299 3045; x_wconf 78' lang='grc' dir='ltr'><strong><em>ἐπαινέσαι</em></strong></span> <span class='ocrx_word' id='word_1_231' title='bbox 326 2981 440 3045; x_wconf 91' lang='grc' dir='ltr'><strong><em>θέλων</em></strong></span> <span class='ocrx_word' id='word_1_232' title='bbox 470 2985 642 3064; x_wconf 82' lang='grc' dir='ltr'><strong><em>αἰγίβοτον</em></strong></span> <span class='ocrx_word' id='word_1_233' title='bbox 672 2984 816 3070; x_wconf 85' lang='grc' dir='ltr'><strong><em>εἴρηκεν.</em></strong></span> <span class='ocrx_word' id='word_1_234' title='bbox 846 2977 923 3047; x_wconf 85' lang='grc' dir='ltr'><strong><em>ἀλλ’</em></strong></span> <span class='ocrx_word' id='word_1_235' title='bbox 955 2988 1045 3066; x_wconf 82' lang='grc' dir='ltr'><strong><em>ὅμως</em></strong></span> <span class='ocrx_word' id='word_1_236' title='bbox 1075 2985 1161 3069; x_wconf 88' lang='grc' dir='ltr'><strong><em>φησί</em></strong></span> <span class='ocrx_word' id='word_1_237' title='bbox 1188 2991 1232 3070; x_wconf 76' lang='grc' dir='ltr'><strong><em>τῇ</em></strong></span> <span class='ocrx_word' id='word_1_238' title='bbox 1255 2985 1381 3046; x_wconf 88' lang='grc' dir='ltr'><strong><em>τούτου</em></strong></span> <span class='ocrx_word' id='word_1_239' title='bbox 1403 3007 1428 3057; x_wconf 72' lang='lat'><strong><em>25</em></strong></span> 
     </span>
    </p>
   </div>
   <div class='ocr_carea' id='block_1_5' title="bbox 118 3081 1383 3269">
    <p class='ocr_par' dir='ltr' id='par_1_6' title="bbox 118 3081 1383 3269">
     <span class='ocr_line' id='line_1_27' title="bbox 118 3081 1383 3173; baseline 0.003 -30"><span class='ocrx_word' id='word_1_240' title='bbox 118 3081 222 3167; x_wconf 79' lang='grc' dir='ltr'><strong><em>βουλῇ</em></strong></span> <span class='ocrx_word' id='word_1_241' title='bbox 244 3105 281 3144; x_wconf 90' lang='grc' dir='ltr'><strong><em>τε</em></strong></span> <span class='ocrx_word' id='word_1_242' title='bbox 302 3087 359 3146; x_wconf 91' lang='grc' dir='ltr'><strong><em>καί</em></strong></span> <span class='ocrx_word' id='word_1_243' title='bbox 380 3088 493 3169; x_wconf 82' lang='grc' dir='ltr'><strong><em>γνώμη</em></strong></span> <span class='ocrx_word' id='word_1_244' title='bbox 516 3088 572 3148; x_wconf 90' lang='grc' dir='ltr'><strong><em>καί</em></strong></span> <span class='ocrx_word' id='word_1_245' title='bbox 594 3089 653 3173; x_wconf 83' lang='grc' dir='ltr'><strong><em>την</em></strong></span> <span class='ocrx_word' id='word_1_246' title='bbox 672 3090 798 3172; x_wconf 89' lang='grc' dir='ltr'><strong><em>Τροίαν</em></strong></span> <span class='ocrx_word' id='word_1_247' title='bbox 822 3088 1019 3172; x_wconf 82' lang='grc' dir='ltr'><strong><em>αἱρεθῆναι,</em></strong></span> <span class='ocrx_word' id='word_1_248' title='bbox 1048 3083 1251 3171; x_wconf 88' lang='grc' dir='ltr'><strong><em>τηλικαύτην</em></strong></span> <span class='ocrx_word' id='word_1_249' title='bbox 1276 3082 1383 3148; x_wconf 91' lang='grc' dir='ltr'><strong><em>πόλιν</em></strong></span> 
     </span>
     <span class='ocr_line' id='line_1_28' title="bbox 119 3187 572 3269; baseline 0.009 -23"><span class='ocrx_word' id='word_1_250' title='bbox 119 3187 175 3247; x_wconf 88' lang='grc' dir='ltr'><strong><em>καί</em></strong></span> <span class='ocrx_word' id='word_1_251' title='bbox 197 3187 369 3246; x_wconf 86' lang='grc' dir='ltr'><strong><em>τοσούτων</em></strong></span> <span class='ocrx_word' id='word_1_252' title='bbox 392 3189 572 3269; x_wconf 87' lang='grc' dir='ltr'><strong><em>άρχουσαν,</em></strong></span> 
     </span>
    </p>
   </div>
   <div class='ocr_carea' id='block_1_6' title="bbox 201 3306 1446 3496">
    <p class='ocr_par' dir='ltr' id='par_1_7' title="bbox 201 3306 1446 3496">
     <span class='ocr_line' id='line_1_29' title="bbox 201 3306 1090 3392; baseline 0.004 -28"><span class='ocrx_word' id='word_1_253' title='bbox 201 3307 304 3365; x_wconf 85' lang='grc' dir='ltr'><strong><em>ὅσσον</em></strong></span> <span class='ocrx_word' id='word_1_254' title='bbox 319 3306 460 3385; x_wconf 89' lang='grc' dir='ltr'><strong><em>Λέσβος</em></strong></span> <span class='ocrx_word' id='word_1_255' title='bbox 483 3309 551 3368; x_wconf 90' lang='grc' dir='ltr'><strong><em>άνω</em></strong></span> <span class='ocrx_word' id='word_1_256' title='bbox 574 3311 734 3391; x_wconf 90' lang='grc' dir='ltr'><strong><em>μακάρων</em></strong></span> <span class='ocrx_word' id='word_1_257' title='bbox 757 3307 833 3382; x_wconf 84' lang='grc' dir='ltr'><strong><em>έδος</em></strong></span> <span class='ocrx_word' id='word_1_258' title='bbox 856 3311 950 3382; x_wconf 86' lang='grc' dir='ltr'><strong><em>έντδς</em></strong></span> <span class='ocrx_word' id='word_1_259' title='bbox 974 3310 1090 3392; x_wconf 83' lang='grc' dir='ltr'><strong><em>ἐέργει.</em></strong></span> 
     </span>
     <span class='ocr_line' id='line_1_30' title="bbox 201 3403 1446 3496; baseline 0.002 -29"><span class='ocrx_word' id='word_1_260' title='bbox 201 3407 257 3468; x_wconf 89' lang='grc' dir='ltr'><strong><em>καί</em></strong></span> <span class='ocrx_word' id='word_1_261' title='bbox 275 3409 402 3492; x_wconf 79' lang='grc' dir='ltr'><strong><em>Φρυγίη</em></strong></span> <span class='ocrx_word' id='word_1_262' title='bbox 425 3410 630 3494; x_wconf 90' lang='grc' dir='ltr'><strong><em>καθύπερθε</em></strong></span> <span class='ocrx_word' id='word_1_263' title='bbox 651 3414 707 3474; x_wconf 89' lang='grc' dir='ltr'><strong><em>καί</em></strong></span> <span class='ocrx_word' id='word_1_264' title='bbox 725 3403 968 3496; x_wconf 78' lang='grc' dir='ltr'><strong><em>Ἑλλήσποντος</em></strong></span> <span class='ocrx_word' id='word_1_265' title='bbox 991 3411 1160 3493; x_wconf 88' lang='grc' dir='ltr'><strong><em>ἀπείρων·</em></strong></span> <span class='ocrx_word' id='word_1_266' title='bbox 1394 3421 1446 3474; x_wconf 75' lang='grc' dir='ltr'><strong><em>μου]</em></strong></span> 
     </span>
    </p>
   </div>
   <div class='ocr_carea' id='block_1_7' title="bbox 66 3526 1429 3715">
    <p class='ocr_par' dir='ltr' id='par_1_8' title="bbox 66 3526 1429 3715">
     <span class='ocr_line' id='line_1_31' title="bbox 66 3526 1429 3614; baseline -0.003 -23"><span class='ocrx_word' id='word_1_267' title='bbox 66 3531 106 3591; x_wconf 88' lang='grc'>20</span> <span class='ocrx_word' id='word_1_268' title='bbox 117 3527 156 3610; x_wconf 80' lang='grc' dir='ltr'><strong><em>ἣν</em></strong></span> <span class='ocrx_word' id='word_1_269' title='bbox 186 3529 317 3601; x_wconf 90' lang='grc' dir='ltr'><strong><em>πάντας</em></strong></span> <span class='ocrx_word' id='word_1_270' title='bbox 347 3529 432 3612; x_wconf 89' lang='grc' dir='ltr'><strong><em>φησί</em></strong></span> <span class='ocrx_word' id='word_1_271' title='bbox 458 3529 653 3608; x_wconf 92' lang='grc' dir='ltr'><strong><em>μυθεῖσθαι</em></strong></span> <span class='ocrx_word' id='word_1_272' title='bbox 682 3527 902 3614; x_wconf 85' lang='grc' dir='ltr'><strong><em>πολύχρυσον,</em></strong></span> <span class='ocrx_word' id='word_1_273' title='bbox 926 3526 1145 3609; x_wconf 89' lang='grc' dir='ltr'><strong><em>πολύχαλκον.</em></strong></span> <span class='ocrx_word' id='word_1_274' title='bbox 1188 3528 1235 3612; x_wconf 78' lang='grc' dir='ltr'><strong><em>μη</em></strong></span> <span class='ocrx_word' id='word_1_275' title='bbox 1259 3547 1299 3590; x_wconf 83' lang='grc' dir='ltr'><strong><em>τι</em></strong></span> <span class='ocrx_word' id='word_1_276' title='bbox 1322 3527 1382 3591; x_wconf 78' lang='grc' dir='ltr'><strong><em>οὖν</em></strong></span> <span class='ocrx_word' id='word_1_277' title='bbox 1402 3538 1429 3587; x_wconf 80' lang='grc'><strong><em>30</em></strong></span> 
     </span>
     <span class='ocr_line' id='line_1_32' title="bbox 118 3628 1381 3715; baseline -0.001 -24"><span class='ocrx_word' id='word_1_278' title='bbox 118 3632 245 3714; x_wconf 84' lang='grc' dir='ltr'><strong><em>ὤνησεν</em></strong></span> <span class='ocrx_word' id='word_1_279' title='bbox 275 3634 396 3706; x_wconf 86' lang='grc' dir='ltr'><strong><em>αύτούς</em></strong></span> <span class='ocrx_word' id='word_1_280' title='bbox 423 3632 442 3715; x_wconf 85' lang='grc' dir='ltr'><em>ἢ</em></span> <span class='ocrx_word' id='word_1_281' title='bbox 466 3638 528 3691; x_wconf 82' lang='grc' dir='ltr'><strong><em>τού</em></strong></span> <span class='ocrx_word' id='word_1_282' title='bbox 549 3628 697 3693; x_wconf 89' lang='grc' dir='ltr'><strong><em>πλούτου</em></strong></span> <span class='ocrx_word' id='word_1_283' title='bbox 720 3635 758 3694; x_wconf 87' lang='grc' dir='ltr'><strong><em>τό</em></strong></span> <span class='ocrx_word' id='word_1_284' title='bbox 781 3632 928 3713; x_wconf 88' lang='grc' dir='ltr'><strong><em>μέγεθος</em></strong></span> <span class='ocrx_word' id='word_1_285' title='bbox 950 3632 969 3715; x_wconf 75' lang='grc' dir='ltr'><em>ἢ</em></span> <span class='ocrx_word' id='word_1_286' title='bbox 993 3637 1060 3692; x_wconf 84' lang='grc' dir='ltr'><strong><em>τῶν</em></strong></span> <span class='ocrx_word' id='word_1_287' title='bbox 1081 3631 1240 3715; x_wconf 89' lang='grc' dir='ltr'><strong><em>ύπηκόων</em></strong></span> <span class='ocrx_word' id='word_1_288' title='bbox 1263 3629 1285 3714; x_wconf 84' lang='grc' dir='ltr'><em>ἢ</em></span> <span class='ocrx_word' id='word_1_289' title='bbox 1310 3635 1381 3691; x_wconf 83' lang='grc' dir='ltr'><strong><em>τῶν</em></strong></span> 
     </span>
    </p>
   </div>
   <div class='ocr_carea' id='block_1_8' title="bbox 117 3893 1379 4480">
    <p class='ocr_par' dir='ltr' id='par_1_9' title="bbox 117 3893 1379 4480">
     <span class='ocr_line' id='line_1_33' title="bbox 205 3893 1309 3969; baseline -0.005 -12"><span class='ocrx_word' id='word_1_290' title='bbox 205 3909 216 3957; x_wconf 93' lang='grc'><strong>1</strong></span> <span class='ocrx_word' id='word_1_291' title='bbox 236 3898 391 3960; x_wconf 78' lang='grc' dir='ltr'><strong><em>ἐδύκνοντο</em></strong></span> <span class='ocrx_word' id='word_1_292' title='bbox 410 3895 560 3966; x_wconf 83' lang='grc' dir='ltr'><strong><em>(δάκνοντο</em></strong></span> <span class='ocrx_word' id='word_1_293' title='bbox 580 3900 619 3965; x_wconf 79' lang='grc' dir='ltr'><strong><em>Μ)</em></strong></span> <span class='ocrx_word' id='word_1_294' title='bbox 637 3895 705 3956; x_wconf 83' lang='grc' dir='ltr'><strong><em>τότε</em></strong></span> <span class='ocrx_word' id='word_1_295' title='bbox 722 3898 791 3964; x_wconf 88' lang='lat' dir='ltr'>libri,</span> <span class='ocrx_word' id='word_1_296' title='bbox 809 3913 879 3953; x_wconf 85' lang='lat' dir='ltr'><strong>corr.</strong></span> <span class='ocrx_word' id='word_1_297' title='bbox 898 3897 1004 3953; x_wconf 83' lang='lat' dir='ltr'><strong>Selden.</strong></span> <span class='ocrx_word' id='word_1_298' title='bbox 1100 3901 1117 3950; x_wconf 87' lang='grc'>4</span> <span class='ocrx_word' id='word_1_299' title='bbox 1135 3893 1257 3969; x_wconf 76' lang='grc' dir='ltr'><strong><em>μήσεται</em></strong></span> <span class='ocrx_word' id='word_1_300' title='bbox 1276 3897 1309 3952; x_wconf 86' lang='grc' dir='ltr'>Μ</span> 
     </span>
     <span class='ocr_line' id='line_1_34' title="bbox 118 3973 1379 4056; baseline -0.004 -14"><span class='ocrx_word' id='word_1_301' title='bbox 118 3985 256 4046; x_wconf 74' lang='grc' dir='ltr'><strong><em>ύὲαυτοῦ</em></strong></span> <span class='ocrx_word' id='word_1_302' title='bbox 273 3987 303 4039; x_wconf 91' lang='grc' dir='ltr'><strong>Μ</strong></span> <span class='ocrx_word' id='word_1_303' title='bbox 390 3981 562 4056; x_wconf 80' lang='grc' dir='ltr'><strong><em>ῖνέμεσθυιι</em></strong></span> <span class='ocrx_word' id='word_1_304' title='bbox 580 3984 609 4036; x_wconf 94' lang='grc' dir='ltr'><strong>Μ</strong></span> <span class='ocrx_word' id='word_1_305' title='bbox 704 3986 734 4036; x_wconf 97' lang='grc'><strong><em>12</em></strong></span> <span class='ocrx_word' id='word_1_306' title='bbox 754 3973 892 4040; x_wconf 76' lang='grc' dir='ltr'><strong><em>ούτωσῑ]</em></strong></span> <span class='ocrx_word' id='word_1_307' title='bbox 991 3985 1020 4035; x_wconf 87' lang='grc'><strong><em>13</em></strong></span> <span class='ocrx_word' id='word_1_308' title='bbox 1040 3981 1286 4055; x_wconf 82' lang='grc' dir='ltr'><strong><em>διαπεπλεγμένον</em></strong></span> <span class='ocrx_word' id='word_1_309' title='bbox 1304 3981 1379 4048; x_wconf 52' lang='lat' dir='ltr'><strong>lib-n,</strong></span> 
     </span>
     <span class='ocr_line' id='line_1_35' title="bbox 119 4063 1326 4144; baseline -0.007 -15"><span class='ocrx_word' id='word_1_310' title='bbox 119 4089 189 4129; x_wconf 83' lang='lat' dir='ltr'><strong>corr.</strong></span> <span class='ocrx_word' id='word_1_311' title='bbox 208 4072 395 4127; x_wconf 73' lang='lat' dir='ltr'><strong>Hemsterhuis</strong></span> <span class='ocrx_word' id='word_1_312' title='bbox 452 4076 483 4125; x_wconf 86' lang='grc'><strong><em>14</em></strong></span> <span class='ocrx_word' id='word_1_313' title='bbox 500 4065 724 4144; x_wconf 81' lang='grc' dir='ltr'><strong><em>ύπεξηιρημένον</em></strong></span> <span class='ocrx_word' id='word_1_314' title='bbox 742 4068 766 4123; x_wconf 92' lang='lat' dir='ltr'>U</span> <span class='ocrx_word' id='word_1_315' title='bbox 846 4073 877 4124; x_wconf 84' lang='grc'><strong><em>15</em></strong></span> <span class='ocrx_word' id='word_1_316' title='bbox 894 4064 1027 4141; x_wconf 83' lang='grc' dir='ltr'><strong><em>κνήμαισι</em></strong></span> <span class='ocrx_word' id='word_1_317' title='bbox 1045 4067 1119 4125; x_wconf 88' lang='lat' dir='ltr'><strong><em>UBT</em></strong></span> <span class='ocrx_word' id='word_1_318' title='bbox 1136 4063 1273 4137; x_wconf 83' lang='grc' dir='ltr'><strong><em>κνήμεσιν</em></strong></span> <span class='ocrx_word' id='word_1_319' title='bbox 1293 4066 1326 4121; x_wconf 87' lang='grc' dir='ltr'>Μ</span> 
     </span>
     <span class='ocr_line' id='line_1_36' title="bbox 119 4147 1379 4231; baseline -0.005 -19"><span class='ocrx_word' id='word_1_320' title='bbox 119 4165 148 4213; x_wconf 80' lang='lat'><strong><em>17</em></strong></span> <span class='ocrx_word' id='word_1_321' title='bbox 168 4156 280 4231; x_wconf 73' lang='grc' dir='ltr'><strong><em>εἴρηκεν</em></strong></span> <span class='ocrx_word' id='word_1_322' title='bbox 297 4157 353 4213; x_wconf 90' lang='lat' dir='ltr'><strong><em>UM</em></strong></span> <span class='ocrx_word' id='word_1_323' title='bbox 423 4154 535 4226; x_wconf 82' lang='grc' dir='ltr'><strong><em>σώματι</em></strong></span> <span class='ocrx_word' id='word_1_324' title='bbox 550 4159 599 4213; x_wconf 90' lang='grc' dir='ltr'><strong><em>καί</em></strong></span> <span class='ocrx_word' id='word_1_325' title='bbox 616 4174 677 4226; x_wconf 82' lang='grc' dir='ltr'><strong><em>μεγ.</em></strong></span> <span class='ocrx_word' id='word_1_326' title='bbox 696 4153 770 4210; x_wconf 88' lang='lat' dir='ltr'><strong><em>UBT</em></strong></span> <span class='ocrx_word' id='word_1_327' title='bbox 841 4157 872 4208; x_wconf 87' lang='lat'><strong><em>18</em></strong></span> <span class='ocrx_word' id='word_1_328' title='bbox 890 4149 908 4225; x_wconf 75' lang='grc' dir='ltr'><em>ἢ</em></span> <span class='ocrx_word' id='word_1_329' title='bbox 925 4147 1078 4223; x_wconf 83' lang='grc' dir='ltr'><strong><em>ποταμοὺσ</em></strong></span> <span class='ocrx_word' id='word_1_330' title='bbox 1096 4152 1143 4207; x_wconf 85' lang='grc' dir='ltr'><strong><em>ΒΤ</em></strong></span> <span class='ocrx_word' id='word_1_331' title='bbox 1204 4155 1238 4206; x_wconf 90' lang='grc'><strong><em>22</em></strong></span> <span class='ocrx_word' id='word_1_332' title='bbox 1255 4153 1307 4208; x_wconf 83' lang='grc' dir='ltr'><strong><em>καί</em></strong></span> <span class='ocrx_word' id='word_1_333' title='bbox 1324 4165 1379 4221; x_wconf 84' lang='lat' dir='ltr'><strong><em>pro</em></strong></span> 
     </span>
     <span class='ocr_line' id='line_1_37' title="bbox 117 4237 1378 4314; baseline -0.008 -14"><span class='ocrx_word' id='word_1_334' title='bbox 117 4239 172 4301; x_wconf 81' lang='grc' dir='ltr'><strong><em>κάν</em></strong></span> <span class='ocrx_word' id='word_1_335' title='bbox 190 4245 213 4298; x_wconf 92' lang='grc' dir='ltr'>Β</span> <span class='ocrx_word' id='word_1_336' title='bbox 299 4238 355 4300; x_wconf 85' lang='grc' dir='ltr'><strong><em>κάν</em></strong></span> <span class='ocrx_word' id='word_1_337' title='bbox 372 4240 419 4299; x_wconf 81' lang='grc' dir='ltr'><strong><em>ἐπὶ</em></strong></span> <span class='ocrx_word' id='word_1_338' title='bbox 437 4241 556 4314; x_wconf 78' lang='grc' dir='ltr'><strong><em>πέτραςε</em></strong></span> <span class='ocrx_word' id='word_1_339' title='bbox 575 4239 609 4296; x_wconf 84' lang='lat' dir='ltr'><strong><em>cf.</em></strong></span> <span class='ocrx_word' id='word_1_340' title='bbox 629 4254 735 4294; x_wconf 82' lang='lat' dir='ltr'><strong>versum</strong></span> <span class='ocrx_word' id='word_1_341' title='bbox 754 4237 945 4308; x_wconf 81' lang='lat' dir='ltr'><strong>Phocylideum</strong></span> <span class='ocrx_word' id='word_1_342' title='bbox 962 4254 1040 4308; x_wconf 84' lang='lat' dir='ltr'>quem</span> <span class='ocrx_word' id='word_1_343' title='bbox 1057 4239 1150 4294; x_wconf 77' lang='lat' dir='ltr'>laudat</span> <span class='ocrx_word' id='word_1_344' title='bbox 1167 4252 1206 4292; x_wconf 89' lang='lat' dir='ltr'><strong><em>or.</em></strong></span> <span class='ocrx_word' id='word_1_345' title='bbox 1226 4239 1259 4290; x_wconf 84' lang='grc'><strong><em>36</em></strong></span> <span class='ocrx_word' id='word_1_346' title='bbox 1278 4252 1306 4304; x_wconf 88' lang='lat' dir='ltr'><strong><em>p.</em></strong></span> <span class='ocrx_word' id='word_1_347' title='bbox 1325 4241 1378 4291; x_wconf 77' lang='lat'><strong><em>440</em></strong></span> 
     </span>
     <span class='ocr_line' id='line_1_38' title="bbox 117 4309 1379 4399; baseline -0.003 -16"><span class='ocrx_word' id='word_1_348' title='bbox 117 4330 187 4384; x_wconf 87' lang='lat' dir='ltr'><strong>Mor.</strong></span> <span class='ocrx_word' id='word_1_349' title='bbox 257 4333 291 4382; x_wconf 87' lang='grc'><strong><em>24</em></strong></span> <span class='ocrx_word' id='word_1_350' title='bbox 309 4321 374 4385; x_wconf 77' lang='grc' dir='ltr'><strong><em>ἀλλ’</em></strong></span> <span class='ocrx_word' id='word_1_351' title='bbox 392 4321 411 4399; x_wconf 80' lang='grc' dir='ltr'><em>ἢ</em></span> <span class='ocrx_word' id='word_1_352' title='bbox 427 4326 506 4380; x_wconf 88' lang='lat' dir='ltr'><strong><em>BMT</em></strong></span> <span class='ocrx_word' id='word_1_353' title='bbox 525 4321 593 4396; x_wconf 75' lang='grc' dir='ltr'><strong><em>άλλη</em></strong></span> <span class='ocrx_word' id='word_1_354' title='bbox 612 4327 638 4381; x_wconf 91' lang='lat' dir='ltr'><strong>U</strong></span> <span class='ocrx_word' id='word_1_355' title='bbox 694 4329 727 4379; x_wconf 74' lang='grc'><strong><em>21</em></strong></span> <span class='ocrx_word' id='word_1_356' title='bbox 745 4321 894 4381; x_wconf 88' lang='grc' dir='ltr'><strong><em>τοσούτων</em></strong></span> <span class='ocrx_word' id='word_1_357' title='bbox 911 4323 935 4377; x_wconf 87' lang='grc' dir='ltr'><strong>Τ</strong></span> <span class='ocrx_word' id='word_1_358' title='bbox 952 4327 1095 4381; x_wconf 84' lang='grc' dir='ltr'><strong><em>τοσοῦτον</em></strong></span> <span class='ocrx_word' id='word_1_359' title='bbox 1113 4323 1195 4378; x_wconf 83' lang='lat' dir='ltr'>ceteri</span> <span class='ocrx_word' id='word_1_360' title='bbox 1247 4325 1280 4376; x_wconf 86' lang='grc'>28</span> <span class='ocrx_word' id='word_1_361' title='bbox 1302 4309 1379 4379; x_wconf 76' lang='grc' dir='ltr'><strong><em>ὅσον</em></strong></span> 
     </span>
     <span class='ocr_line' id='line_1_39' title="bbox 117 4401 1377 4480; baseline -0.003 -11"><span class='ocrx_word' id='word_1_362' title='bbox 117 4414 198 4469; x_wconf 79' lang='lat' dir='ltr'><strong><em>UBM</em></strong></span> <span class='ocrx_word' id='word_1_363' title='bbox 217 4403 337 4469; x_wconf 77' lang='grc' dir='ltr'><strong><em>ίσοιΤ</em></strong></span> <span class='ocrx_word' id='word_1_364' title='bbox 408 4412 442 4466; x_wconf 83' lang='lat' dir='ltr'><strong><em>cf.</em></strong></span> <span class='ocrx_word' id='word_1_365' title='bbox 461 4412 492 4466; x_wconf 87' lang='lat'><strong><em>11.</em></strong></span> <span class='ocrx_word' id='word_1_366' title='bbox 512 4416 553 4479; x_wconf 78' lang='grc' dir='ltr'><strong><em>τι,</em></strong></span> <span class='ocrx_word' id='word_1_367' title='bbox 573 4416 623 4466; x_wconf 81' lang='lat'><strong><em>544</em></strong></span> <span class='ocrx_word' id='word_1_368' title='bbox 692 4414 724 4464; x_wconf 80' lang='grc' dir='ltr'><strong><em>ιο</em></strong></span> <span class='ocrx_word' id='word_1_369' title='bbox 742 4401 927 4480; x_wconf 73' lang='grc' dir='ltr'><strong><em>καυίιιεροιι</em></strong></span> <span class='ocrx_word' id='word_1_370' title='bbox 944 4409 993 4463; x_wconf 70' lang='grc' dir='ltr'><strong><em>σε</em></strong></span> <span class='ocrx_word' id='word_1_371' title='bbox 1070 4408 1150 4463; x_wconf 86' lang='lat'><strong>3011.</strong></span> <span class='ocrx_word' id='word_1_372' title='bbox 1172 4411 1212 4474; x_wconf 86' lang='lat'><strong><em>18,</em></strong></span> <span class='ocrx_word' id='word_1_373' title='bbox 1232 4410 1282 4461; x_wconf 75' lang='grc' dir='ltr'><strong><em>τεο</em></strong></span> <span class='ocrx_word' id='word_1_374' title='bbox 1303 4402 1377 4465; x_wconf 65' lang='grc' dir='ltr'><strong><em>πάν</em></strong></span> 
     </span>
    </p>
   </div>
   <div class='ocr_carea' id='block_1_9' title="bbox 118 4492 765 4568">
    <p class='ocr_par' dir='ltr' id='par_1_10' title="bbox 118 4492 765 4568">
     <span class='ocr_line' id='line_1_40' title="bbox 118 4492 765 4568; baseline -0.008 -12"><span class='ocrx_word' id='word_1_375' title='bbox 118 4518 165 4564; x_wconf 85' lang='grc' dir='ltr'><strong><em>τες</em></strong></span> <span class='ocrx_word' id='word_1_376' title='bbox 182 4493 364 4567; x_wconf 79' lang='grc' dir='ltr'><strong><em>μυθέσκοντο</em></strong></span> <span class='ocrx_word' id='word_1_377' title='bbox 383 4492 565 4568; x_wconf 82' lang='grc' dir='ltr'><strong><em>πολύχρυσον</em></strong></span> <span class='ocrx_word' id='word_1_378' title='bbox 582 4492 765 4567; x_wconf 83' lang='grc' dir='ltr'><strong><em>πολύχαλκον</em></strong></span> 
     </span>
    </p>
   </div>
   <div class='ocr_carea' id='block_1_10' title="bbox 0 0 1547 5160">
    <p class='ocr_par' dir='ltr' id='par_1_11' title="bbox 0 0 1547 5160">
     <span class='ocr_line' id='line_1_41' title="bbox 0 0 1547 5160; baseline 0 0"><span class='ocrx_word' id='word_1_379' title='bbox 0 0 1547 5160; x_wconf 95' lang='lat' dir='ltr'><strong><em> </em></strong></span> 
     </span>
    </p>
   </div>
  </div>
 </body>
</html>
