3068 5160
203 307 265 367 220
662 305 786 360 DIONIS
806 305 994 360 RHODIACA

203 501 303 560 μενος
326 483 360 542 έν
378 482 480 543 παντί
502 479 607 565 καιρῷ
630 483 686 542 καί
709 483 796 565 πρός
819 483 953 541 άπαντα
976 481 1034 541 τόν
1049 482 1134 561 βίον,
1160 471 1234 541 οὐδ’
1264 475 1474 541 όκοίλλιστα

170 585 369 666 4πράττειν
393 580 508 645 δοκῶν.
555 585 586 644 εί
607 586 668 662 μὲν
691 583 748 645 ούν
772 584 853 666 περί
874 601 966 656 τινος
988 589 1055 644 τῶν
1079 586 1318 667 προκειμένων
1346 577 1473 663 ἔλεγον,

205 687 309 747 ούθὲν
327 680 402 766 <ἀν>
417 678 478 746 ὑπ’
504 687 589 765 έμού
601 682 796 769 τηλικοῦτον
813 681 1023 770 ὠφελεῖσθε·
1048 685 1136 759 είκδς
1151 685 1213 768 γὰρ
1229 680 1273 768 ἦν
1295 685 1361 745 καί
1385 675 1471 745 καθ’

204 790 325 862 αύτούς
347 790 431 866 ύμάς
453 789 491 847 τό
516 785 591 848 δέον
614 789 722 871 εὑρεῖν
746 789 956 861 σκοποῦντάς
978 806 1014 868 γε
1031 782 1125 861 ἅπαξ
1133 800 1139 812 ·
1163 782 1296 847 ἐπεῖδε
1314 786 1413 868 ὑπὲρ
1438 782 1476 845 ού

202 888 286 974 μηδὲ
311 886 439 975 ζητεῖτε
460 891 519 974 την
543 890 644 974 ἀρχὴν
667 891 762 962 όπως
785 890 869 949 ποτὲ
886 889 963 966 ἔχει,
987 890 1087 949 τούτό
1104 908 1192 972 φημι
1208 882 1342 962 δείξειν
1362 886 1474 967 αἴσχι-
1491 897 1501 946 1

205 1009 266 1052 στα
295 995 505 1074 γιγνόμενον,
536 997 610 1064 πῶς
638 991 695 1050 ούκ
717 991 758 1050 ἀν
788 988 859 1074 εἴην
883 986 1057 1064 παντελῶς
1083 991 1161 1068 ύμῖν
1180 990 1361 1072 χρήσιμον
1387 997 1474 1074 πρά-

203 1112 269 1172 γμα
293 1095 506 1176 πεποιηκώς,
530 1092 588 1152 έάν
611 1093 677 1175 ἀρα
699 1094 743 1176 μὴ
770 1098 865 1177 φανῶ
890 1087 1118 1172 ψευδόμενος,Ι
1147 1085 1274 1170 νομίζω
1301 1081 1339 1150 δ’
1369 1091 1474 1172 ἔγωγε

204 1196 315 1255 πάντα
338 1197 399 1272 μὲν
423 1195 604 1277 προσήκειν
628 1190 865 1271 ἀποδέχεσθαι
887 1199 954 1253 τῶν
978 1185 1026 1253 δι’
1052 1194 1184 1254 εύνοιαν
1207 1193 1327 1252 ὁτιοῦν
1361 1189 1473 1273 λεγόν·

202 1317 270 1357 των
291 1297 347 1356 καί
368 1292 495 1379 μηδένα
518 1292 658 1379 δχληρδν
679 1296 843 1379 ἡγεῖσθαι
865 1301 931 1355 τῶν
948 1297 1122 1370 τοιούτων,
1145 1290 1297 1374 μάλιστα
1316 1290 1358 1354 δὲ
1376 1295 1472 1374 ὑμᾶς,

204 1394 323 1479 ἀνδρες
341 1389 473 1458 Ῥόδιοι.
520 1393 619 1481 δῆλον
641 1398 703 1480 γάρ
727 1399 779 1457 ότι
802 1399 922 1456 τούτου
949 1399 1047 1479 χάριν
1078 1398 1188 1457 σύνιτε
1217 1391 1473 1476 βουλευόμενοι
1489 1405 1507 1454 11

202 1490 287 1559 καθ’
312 1503 449 1582 ημέραν,
472 1500 528 1559 καὶ
552 1499 588 1558 ού
611 1498 771 1580 καθάπερ
794 1494 893 1558 ἀλλοι
917 1495 1086 1572 δυσκόλως
1108 1498 1164 1559 καί
1186 1494 1242 1558 διά
1256 1500 1394 1582 χρόνου
1418 1501 1472 1561 καί

203 1607 269 1660 τῶν
292 1597 481 1683 ἐλευθέρων
510 1602 599 1674 τινές
622 1598 709 1661 εἶναι
733 1596 935 1675 δοκούντων,
965 1602 1060 1673 ὅπως
1088 1601 1166 1678 ύμῖν
1192 1578 1215 1682 ᾖ
1246 1596 1356 1684 σχολὴ
1393 1602 1472 1684 περὶ

204 1703 341 1762 πάντων
365 1703 497 1762 ἀκούειν
520 1703 575 1762 καί
597 1698 701 1785 μηδὲν
724 1697 944 1776 ἀνεξέταστον
969 1698 1195 1784 παραλίπητε.

167 1806 185 1864 5
286 1804 382 1864 ταυτὶ
404 1806 465 1882 μὲν
489 1803 546 1864 οὖν
568 1799 607 1886 ἦν
630 1805 810 1883 ἀναγκαῖον
834 1808 1024 1886 προειπεῖν,
1053 1804 1139 1863 ὥστε
1162 1798 1221 1886 τὴν
1244 1803 1356 1888 ἀρχὴν
1382 1806 1472 1884 ὑμᾶς

201 1905 261 1966 ἐπὶ
282 1913 344 1966 τού
365 1907 563 1988 πράγματος
583 1906 761 1986 γενέσθαι·
786 1906 856 1966 νυνὶ
879 1902 914 1966 δὲ
938 1897 996 1965 ἐπ’
1024 1906 1103 1966 αύτδ
1120 1901 1320 1985 βαδιοῦμαι,
1345 1914 1472 1967 τοσού-
1490 1916 1509 1966 b

201 2026 258 2067 τον
281 2008 449 2082 ὑπειπὼν,
473 2010 526 2068 ότι
543 2027 603 2087 μοι
619 2009 801 2092 προσήκειν
818 2005 914 2068 δοκεῖ
932 2009 1120 2085 πάνταμὲν
1137 2008 1303 2090 πράττειν
1322 2003 1472 2082 δικαίως

201 2110 257 2168 καί
279 2106 389 2182 καλῶς
411 2109 452 2169 τά
481 2109 566 2168 κατά
596 2111 654 2171 τόν
686 2112 777 2189 βίον,
810 2106 920 2183 άλλως
949 2109 1063 2169 τεκαὶ
1094 2105 1241 2192 δημοσίᾳ
1271 2118 1471 2185 ποιοῦντας

202 2211 324 2285 ότιούν,
349 2211 386 2269 ού
408 2213 512 2288 μόνον
535 2208 652 2296 ἐπειδη
678 2213 718 2272 τά
741 2212 836 2272 κοινά
852 2213 996 2295 ύπάρχει
1013 2211 1240 2294 φανερώτερα,
1265 2209 1314 2272 ὧν
1331 2213 1377 2274 ἀν
1395 2216 1470 2274 ἕκα-

203 2326 282 2383 στος
305 2308 377 2393 ίδίρι
401 2313 532 2394 πράττῃ
555 2315 600 2396 μη
626 2309 718 2388 δέον,
749 2310 833 2372 ἀλλά
863 2314 919 2373 καὶ
950 2303 997 2372 δι’
1023 2314 1128 2372 έκεῖνο
1158 2314 1211 2372 ότι
1239 2313 1282 2372 τύ
1306 2316 1374 2393 μὲν
1400 2323 1469 2376 τῶν

202 2408 348 2472 ἰδιωτῶν
371 2414 594 2496 ἁμαρτήματα
619 2414 676 2473 ούκ
699 2415 802 2487 εύθύς
825 2415 1014 2498 ἀποφαίνει
1037 2415 1096 2497 την
1119 2409 1220 2474 πόλιν
1244 2411 1404 2500 φαύλην,
1433 2421 1509 2478 ἑκά

202 2510 237 2574 δὲ
261 2511 327 2574 τῶν
351 2510 497 2598 δημοσία
519 2519 722 2595 γιγνομένων
746 2517 803 2594 ούχ
820 2515 857 2576 δν
873 2516 1038 2599 προσήκει
1053 2518 1180 2599 τρόπον
1196 2508 1323 2600 ἀνάγκη
1350 2514 1466 2581 δοκεῖν

164 2617 254 2678 final
275 2618 354 2691 τούς
375 2608 461 2677 καθ’
487 2619 544 2678 ένα
565 2618 770 2701 μοχθηρούς.
810 2619 929 2678 όποῖοι
951 2617 1012 2699 γάρ
1036 2618 1076 2678 ἀν
1100 2615 1234 2678 ὦσινοὶ
1256 2613 1407 2694 πλείους
1429 2623 1464 2682 ἐν

201 2716 418 2803 δημοκρατίᾳ,
442 2727 596 2781 τοιοῦτον
614 2721 773 2804 φαίνεται
788 2721 844 2780 καί
858 2722 896 2779 τό
912 2721 1024 2779 κοινδν
1047 2715 1152 2802 ἦδος·
1174 2719 1215 2779 τά
1230 2719 1295 2802 γάρ
1321 2723 1460 2795 τούτοις

200 2822 384 2903 ἀρέσκοντα
414 2824 522 2901 ἰσχύει
554 2819 746 2906 δήπουθεν,
784 2822 841 2900 ούχ
871 2823 977 2903 ἕτερα.
1032 2817 1181 2900 μάλιστα
1212 2812 1244 2882 δ’
1276 2821 1320 2881 ἀν
1353 2824 1463 2908 φαίην

199 2923 301 3003 ἔγωγε
317 2928 389 2996 τοῖς
404 2920 598 2997 καλλίστοις
613 2925 669 2984 καί
688 2925 907 3002 σεμνοτάτοις
924 2925 1046 2983 οίκεῖον
1069 2921 1157 2984 εἶναι
1169 2923 1326 3006 χρῆσθαι
1350 2941 1463 3010 προσ·
1484 2934 1509 2984 25

200 3028 352 3101 έχοντας·
388 3013 470 3106 παρ’
504 3024 555 3098 οἷς
588 3025 649 3109 γάρ
680 3026 720 3084 τά
751 3033 891 3086 τοιαῦτα
921 3021 1112 3103 ἀμελεῖται,
1143 3026 1198 3086 καὶ
1226 3026 1348 3087 κακίαν
1378 3029 1461 3089 τινὰ

198 3125 358 3208 ἐμφαίνει
373 3133 431 3209 της
448 3122 581 3201 πόλεως
595 3125 661 3188 τῶν
677 3147 713 3188 τε
728 3124 838 3188 ἀλλων
855 3124 951 3187 ούδὲν
974 3125 1046 3186 οίόν
1061 3146 1097 3186 τε
1120 3122 1324 3208 ἐπιτηδείως
1349 3132 1530 3213 abbir-(³121

164 3225 333 3288 ῖτεσθαι.
378 3227 433 3288 καὶ
455 3222 519 3311 μὴν
542 3231 595 3290 ότι
617 3249 653 3311 με
676 3237 742 3291 τῶν
766 3231 852 3313 πρὸς
874 3230 953 3301 τούς
974 3228 1079 3300 θεούς
1102 3223 1330 3310 ἐξῃρημένων,
1361 3231 1384 3290 ἀ
1410 3229 1471 3294 δεῖ

197 3331 338 3408 μέγιστα
355 3330 526 3412 ἡγεῖσθαι,
550 3338 616 3394 τῶν
634 3329 763 3393 λοιπῶν
781 3328 875 3391 ούδέν
891 3332 965 3390 ἐστι
982 3325 1119 3390 κάλλιον
1143 3324 1218 3389 ούδὲ
1243 3325 1465 3417 δικαιότερον

196 3431 215 3513 ἢ
243 3437 344 3509 τιμάν
367 3432 445 3505 τούς
468 3433 621 3513 ἀγαθούς
644 3430 768 3517 ἄνδρας
789 3434 845 3493 καί
867 3438 934 3492 τῶν
957 3431 995 3491 εύ
1016 3432 1233 3515 ποιησάντων
1255 3434 1466 3518 μεμνῆσθαι
1486 3444 1512 3494 bb

197 3527 321 3612 νομίζω
344 3529 428 3616 μηδὲ
453 3530 550 3615 λόγου
567 3531 723 3596 δεῖσθαι·
745 3536 858 3595 καίτοι
871 3535 927 3594 καί
950 3536 987 3593 τό
1006 3537 1177 3618 συμφέρον
1194 3533 1251 3610 ούχ
1273 3534 1399 3616 ἥκιστα
1425 3539 1463 3599 ἐν

196 3637 303 3717 τούτῳ
320 3657 373 3710 τις
388 3638 428 3697 ἀν
444 3633 522 3697 ἴδοι.
568 3637 647 3709 τούς
661 3636 723 3719 γάρ
741 3633 948 3709 σπουδαίους
965 3636 1063 3708 ὄντας
1078 3636 1157 3718 περὶ
1179 3636 1257 3708 τούς
1279 3637 1463 3720 εὐεργέτας

1419 3785 1460 3792 —..

282 3871 297 3920 3
316 3863 353 3924 ἀν
370 3867 432 3922 add.
452 3866 551 3920 Reiske
659 3871 674 3919 4
692 3860 786 3938 εὑρεῖν
810 3882 863 3920 om.
882 3865 931 3920 UT
1039 3871 1053 3918 5
1072 3861 1128 3936 έξηι
1148 3865 1171 3920 U
1189 3861 1243 3931 ἕξει
1262 3866 1359 3934 ceteri,
1379 3885 1461 3926 vcorr.

195 3952 295 4007 Reiske
366 3951 428 4008 ῖύὲ
446 3951 476 4005 Μ
547 3949 733 4009 θπάντασΤ
805 3952 887 4005 {latai
904 3949 1009 4020 μηδένα
1027 3980 1059 3988 -
1078 3945 1220 4006 τοιούτων
1237 3965 1289 4004 om.
1309 3949 1387 4005 UBT

195 4033 328 4109 ἡγεῖσθαι
341 4037 466 4102 (lobetus,
485 4042 632 4093 ποιεῖσθαι
644 4036 706 4090 libri
765 4040 796 4088 10
815 4043 924 4091 συνεῖτε
936 4035 966 4088 Μ
1017 4034 1135 4088 fortasse
1145 4028 1354 4102 βουλευόμενοι
1370 4037 1463 4108 (προ-

196 4124 296 4192 θύμως
313 4121 379 4192 καί)
395 4114 469 4178 καθ)
487 4116 596 4194 ἡμέραν
654 4125 685 4176 13
703 4122 898 4193 παραλίπηται
915 4119 984 4186 libri,
1002 4123 1112 4188 praeter
1128 4117 1152 4172 T
1206 4122 1239 4172 14
1256 4111 1291 4188 ἦν
1309 4134 1363 4175 om.
1384 4121 1410 4176 Τ

198 4208 410 4281 προοειπεῖνῑλ
491 4211 520 4260 11
539 4201 574 4263 τὰ
594 4221 645 4261 om.
667 4204 742 4262 UBT
812 4225 844 4262 τε
861 4207 910 4260 καὶ
928 4203 1075 4269 Schwartz,
1093 4222 1125 4259 τε
1143 4197 1210 4268 τοὺς
1226 4202 1290 4257 libri
1366 4209 1400 4261 18
1421 4203 1460 4264 ἀν

197 4294 291 4347 om.B
387 4297 417 4347 19
436 4295 495 4347 τῶν
519 4291 614 4346 om.U
701 4295 732 4344 23
752 4290 944 4362 όημοκρατεία
968 4286 997 4339 M
1085 4291 1201 4344 τοιοῦτο
1220 4287 1282 4342 libri
1352 4293 1386 4344 27
1407 4289 1460 4361 ἐμ-

199 4386 285 4446 φανεῖ
303 4378 352 4432 UB
370 4374 536 4445 ἐμφανιεῖΤ
612 4370 643 4429 '28
662 4370 693 4445 δὴ
712 4381 771 4444 (pro
789 4380 840 4440 δεῖ)
858 4375 884 4430 U
954 4377 986 4426 29
1004 4369 1121 4429 κάλλιον
1139 4367 1157 4442 ἢ
1175 4367 1358 4443 δικαιότερον
1377 4374 1403 4429 Τ

196 4465 225 4513 31
247 4455 265 4516 δ
284 4463 394 4529 νομίζω
412 4461 437 4514 U
515 4458 547 4513 έν
565 4455 658 4533 τούτῳ
677 4452 728 4529 ούχ
745 4450 846 4530 ἥκιστα
865 4459 927 4520 (hoc
946 4457 1013 4521 ord.)
1032 4456 1054 4508 T
