3068 5160
222 287 283 348 208
689 286 810 342 DIONIS
828 284 1005 343 VENATOR

220 470 328 548 ρωτῦν
353 465 507 538 ἅπαντας
529 465 564 524 έν
585 466 698 546 μέρει,
729 463 773 524 Τί
793 462 855 546 γάρ
881 465 937 538 σύ,
968 459 993 522 ὦ
1021 463 1204 545 ἄνθρωπε,
1234 459 1404 537 δέδοικας
1434 465 1491 548 τήν

220 567 340 628 πενίαν
364 567 470 641 ούτως
494 568 593 642 πάνυ,
616 565 674 626 τδν
697 561 733 625 δὲ
757 561 904 626 πλοῦτον
919 561 1117 649 ὑπερτιμᾷς,
1141 565 1175 625 τί
1197 555 1229 624 δ’
1253 563 1300 625 αὖ
1324 565 1368 625 σύ
1394 561 1490 626 ἑλπί-

222 661 289 742 ζεις
316 664 488 752 κερδανεῖν
515 671 690 748 μέγιστον,
720 666 760 727 ἂν
788 667 888 750 τύχῃς
911 663 1105 752 πλουτήσας
1127 667 1146 750 ή
1170 667 1208 751 νή
1232 666 1305 728 Δία
1331 667 1490 751 ἔμπορος

220 772 396 850 γενόμενος
423 770 442 854 ή
472 768 528 830 καί
555 765 779 848 βασιλεύσας,·
806 769 988 853 (ἀμήχανον
1016 768 1078 852 γάρ
1109 765 1209 852 δήτὸ
1239 775 1409 830 τοιοῦτον
1438 770 1490 831 καί

144 873 201 936 101
221 868 376 951 οὐδαμῶς
399 869 554 945 ἀνυστόν)
577 871 684 944 ούτως
714 870 771 932 οδν
799 872 858 932 ἐπί
886 871 965 944 τούς
988 871 1169 956 προφήτας
1192 870 1304 930 αὐτῶν
1328 871 1392 931 καί
1419 881 1518 932 σον-5

220 975 371 1056 ηγόρους,
395 975 473 1047 τούς
496 974 658 1056 ποιητάς,
682 969 719 1048 ίξ
740 973 884 1057 άνάγκης
906 970 990 1051 ἴμεν,
1014 974 1061 1047 ὡς
1083 974 1156 1033 ἐκεῖ
1171 971 1324 1056 φανεράς
1347 974 1412 1035 καί
1435 979 1490 1053 μέ·

220 1094 315 1158 τροις
335 1071 633 1154 κατακεκλειμένας
649 1076 845 1158 εὑρήσοντες
860 1075 920 1148 τάς
935 1081 1002 1136 τῶν
1024 1070 1159 1135 πολλῶν
1183 1069 1299 1148 δόξας·
1324 1076 1389 1136 καί
1407 1072 1489 1161 δῆτα

134 1181 195 1243 102
220 1177 258 1237 οδ
283 1179 371 1238 πάνυ
394 1197 455 1256 μοι
478 1174 639 1256 δοκοῦμεν
662 1177 915 1258 ἀποτυγχάνειν.
953 1184 1052 1238 τοῦτο
1070 1173 1105 1237 δὲ
1123 1175 1270 1259 σύνηθες
1289 1173 1412 1261 δήπου
1436 1180 1489 1240 καί

220 1284 293 1354 τοῖς
317 1284 541 1364 σοφωτέροις,
572 1277 591 1338 δ
613 1285 669 1340 νῦν
698 1281 795 1362 ήμεῖς
818 1286 997 1359 ποιοῦμεν·
1026 1279 1103 1340 έπεί
1123 1278 1180 1340 καί
1203 1277 1322 1352 αὐτοῖς
1346 1281 1488 1354 τούτοις
1499 1292 1526 1337 ω

220 1386 293 1455 τοῖς
316 1382 434 1442 ἔπεσιν
457 1381 629 1464 ἀντείρηκε
652 1386 719 1441 τῶν
742 1382 831 1441 πάνυ
858 1377 1061 1466 φιλοσόφων
1083 1400 1151 1456 τις,
1182 1379 1219 1440 δν
1243 1377 1379 1458 οδδείς,
1414 1383 1489 1461 ἐμοὶ
1506 1391 1524 1441 ll

222 1480 346 1557 δοκεῖν,
377 1484 462 1567 φαίη
494 1484 534 1544 άν
562 1501 646 1544 ποτε
676 1479 914 1567 φιλονικοῦντα
937 1484 1072 1556 τούτοις
1101 1502 1137 1543 τε
1168 1482 1412 1566 ἀντειρηκέναι
1435 1487 1488 1547 καί

219 1588 291 1657 τοῖς
312 1585 380 1644 ύπδ
403 1581 616 1669 Σοφοκλέους
639 1586 688 1658 εἴς
711 1585 769 1646 τδν
792 1581 940 1646 πλοῦτον
958 1586 1157 1668 εἰρημένοις,
1181 1585 1325 1658 ἐκείνοις
1341 1587 1412 1664 μέν
1427 1578 1484 1648 ἐπ’

219 1682 341 1765 ὀλίγον,
364 1691 437 1760 τοῖς
461 1683 497 1748 δέ
520 1694 582 1747 τοῦ
601 1683 815 1771 Σοφοκλέους
837 1688 897 1748 έπί
919 1683 1033 1762 πλέον,
1062 1686 1099 1746 ού
1121 1687 1196 1771 μήν,
1220 1686 1341 1770 ὥσπερ
1367 1695 1431 1750 νῦν
1454 1693 1486 1772 ή-

217 1791 309 1866 μεῖς,
334 1784 391 1848 διά
414 1795 566 1872 μακρῶν,
596 1790 655 1850 άτε
679 1789 716 1849 ού
741 1796 945 1873 παραχρῆμα
967 1788 1052 1848 κατά
1079 1784 1207 1873 πολλήν
1236 1783 1407 1864 ἐξουσίαν
1440 1787 1486 1852 δι-

218 1885 326 1966 εξιών,
351 1881 426 1950 ἀλλ’
452 1892 487 1950 έν
510 1887 642 1970 βίβλοις
664 1893 813 1975 γράφων.
1504 1902 1523 1952 15

132 1999 192 2062 103
303 2000 487 2076 γεωργικοῦ
506 1995 567 2072 μὲν
591 1990 629 2078 δή
655 1997 735 2076 πέρι
755 1995 812 2054 καί
832 1999 1047 2076 κυνηγετικοῦ
1060 2012 1096 2053 τε
1111 1992 1167 2054 καί
1182 1999 1394 2070 ποιμενικοῦ
1407 1993 1485 2074 βίου

216 2090 296 2154 τάδε
320 2091 427 2156 πλείω
448 2092 624 2180 διατριβήν
641 2093 724 2169 ἴσως
740 2097 958 2179 παρασχόντα
975 2101 1036 2156 τοῦ
1049 2095 1186 2178 μετρίου
1204 2089 1370 2172 λελέχθω,
1398 2116 1485 2180 προ-

216 2195 440 2274 θυμουμένων
468 2201 562 2281 ήμῶν
591 2198 746 2280 ἁμηγέπη
778 2193 887 2272 δεῖξαι
916 2197 1036 2258 πενίαν
1060 2197 1106 2271 ὡς
1130 2197 1187 2257 ούκ
1208 2196 1345 2279 άπορον
1366 2206 1483 2284 χρῆμα

216 2297 292 2375 βίον
314 2300 371 2359 καί
394 2293 480 2382 ζωής
503 2301 702 2382 πρεπούσης
725 2295 887 2381 ἀνδράσιν
910 2294 1106 2382 ἐλευθέροις
1122 2297 1317 2381 αὐτουργεῖν
1337 2297 1483 2362 ἐθέλον-

218 2413 287 2474 σιν,
318 2391 393 2459 ἀλλ’
420 2402 479 2461 έπί
500 2401 640 2483 κρείττω
672 2395 759 2459 πολύ
789 2401 846 2461 καί
876 2401 1122 2484 συμφορώτερα
1145 2399 1224 2484 ἔργα
1252 2401 1310 2462 καί
1334 2399 1524 2486 πράξειςή

216 2501 298 2582 άγον
319 2503 376 2563 καί
397 2497 522 2581 μᾶλλον
544 2501 628 2561 κατά
653 2502 756 2585 φύσιν
778 2522 797 2584 η
815 2493 873 2585 ἐφ’
900 2501 956 2562 οἷα
978 2498 1158 2576 δπλοῦτος
1174 2500 1280 2564 εἴωθε
1295 2505 1380 2578 τούς
1397 2502 1484 2566 πολ-

131 2612 192 2675 104
217 2600 295 2678 λούς
319 2607 535 2688 προτρέπειν.
645 2599 711 2663 εἷεν
735 2598 793 2686 δή,
817 2603 897 2685 περί
918 2608 985 2664 τῶν
1008 2605 1044 2665 έν
1067 2605 1164 2666 ἄστει
1185 2605 1242 2666 καί
1263 2605 1352 2666 κατὰ
1375 2603 1483 2670 πόλιν

216 2709 369 2792 πενήτων
394 2709 556 2768 σκεπτέον
579 2705 619 2767 ἂν
642 2700 693 2787 εἴη
716 2709 778 2764 τοῦ
797 2703 873 2783 βίου
896 2705 1034 2767 καὶτῶν
1050 2708 1225 2790 ἐργασιῶν,
1249 2713 1327 2781 πῶς
1350 2708 1391 2768 όν
1411 2711 1482 2786 μά-

217 2805 315 2870 λιστα
345 2807 518 2891 διάγοντες
545 2807 601 2867 καί
630 2797 707 2866 ποῖ’
739 2807 823 2866 ἅττα
851 2802 1160 2891 μεταχειριζόμενοι
1194 2805 1396 2892 δυνήσονται
1429 2813 1476 2896 μή

214 2916 323 2983 κακῶς
347 2905 402 2994 ζήν
425 2907 509 2994 μηδὲ
534 2904 742 2992 φαυλότερον
771 2914 838 2968 τῶν
862 2903 1081 2984 δανειζόντων
1110 2911 1170 2971 ἐπὶ
1191 2911 1304 2984 τόκοις
1329 2915 1520 2990 συχνοῖςύ

216 3009 254 3069 εύ
274 3002 356 3088 μάλ’
382 3013 618 3088 ἐπισταμένων
641 3010 699 3069 τδν
721 3013 854 3093 ήμερῶν
877 3030 913 3070 τε
935 3011 992 3072 καί
1012 3017 1126 3095 μηνῶν
1142 3011 1302 3093 ἀριθμόν,
1326 3013 1387 3075 καί
1410 3020 1478 3076 τῶν

217 3112 388 3185 συνοικίας
410 3132 447 3172 τε
468 3107 615 3192 μεγάλας
636 3111 692 3172 καί
715 3118 794 3185 ναῦς
816 3116 1023 3195 κεκτημένων
1046 3115 1102 3174 καί
1118 3109 1317 3196 ἀνδράποδα
1343 3111 1477 3176 πολλά·

129 3204 189 3268 105
212 3213 345 3296 μήποτε
370 3215 498 3274 σπάνια
520 3193 543 3296 ᾗ
565 3213 606 3274 τά
630 3215 665 3274 ἐν
688 3218 763 3286 ταῖς
786 3210 927 3276 πόλεσιν
951 3215 1030 3299 ἔργα
1054 3220 1126 3290 τοῖς
1149 3216 1334 3291 τοιούτοις,
1366 3217 1477 3302 ἀφορ-

213 3321 278 3398 μής
300 3334 336 3374 τε
359 3310 488 3390 ἔξωθεν
512 3312 756 3395 προσδεόμενα,
779 3317 860 3377 όταν
882 3317 986 3378 οἰκεῖν
1008 3337 1044 3378 τε
1062 3317 1196 3396 μισθοῦ
1210 3313 1267 3399 δὲῃ
1290 3319 1349 3378 καί
1372 3311 1474 3380 τᾶλλ’

213 3416 300 3494 ἔχειν
323 3416 546 3495 ὠνουμένους,
571 3418 609 3477 ού
631 3419 734 3496 μόνον
759 3414 877 3496 ἱμάτια
899 3420 955 3480 καί
979 3421 1076 3503 σκεύη
1099 3419 1156 3480 καί
1179 3421 1282 3493 σῖτον,
1306 3414 1396 3480 άλλά
1420 3423 1518 3483 καίεο

214 3513 305 3594 ξύλα,
329 3525 388 3603 τῆς
409 3537 445 3599 γε
468 3510 551 3580 καθ’
578 3523 703 3602 ήμέραν
722 3521 838 3603 χρείας
860 3522 953 3581 ένεκα
976 3528 1039 3581 τοῦ
1059 3523 1183 3604 πυρός,
1205 3519 1266 3580 κᾶν
1290 3519 1476 3604 φρυγάνων

297 3674 408 3741 boizo)
426 3685 476 3740 UB
579 3685 609 3740 τί
627 3678 656 3740 δ’
680 3675 717 3742 ari
740 3681 850 3742 άσυλύν
872 3705 935 3763 τινα
952 3685 1033 3741 ΠΒΜ
1056 3685 1124 3752 (scil.
1149 3681 1223 3742 άλον
1247 3703 1311 3742 τινα
1330 3701 1474 3757 suberret.

212 3774 280 3834 erat)
366 3774 383 3823 4
400 3764 432 3841 δή
451 3785 502 3823 om.
521 3769 570 3824 UB
641 3773 757 3826 τοιοῦτο
777 3770 856 3825 UBM
927 3775 942 3823 5
962 3765 1058 3828 οὕτωσ
1076 3766 1113 3829 οἴν
1130 3770 1204 3836 libri,
1224 3785 1295 3825 corr.
1314 3769 1422 3828 Reislre

211 3855 259 3908 καί
276 3849 347 3910 vobo
366 3849 544 3925 συνηγόρουσ
561 3854 632 3922 libri,
651 3859 763 3922 excepto
782 3854 805 3906 B
883 3857 898 3907 6
916 3853 980 3924 ἴμεν
997 3871 1031 3910 ex
1049 3856 1118 3910 coni.
1136 3856 1224 3924 posui,
1243 3851 1333 3924 ἴωμεν
1351 3855 1419 3912 libri

211 3951 343 4030 φανερδισ
360 3960 408 4013 καί
427 3931 596 4026 άμέτρδσΡ
644 3975 647 3980 ·
681 3953 962 4025 ἵκατακεκλιμὲνασ
979 3957 1009 4010 Μ
1025 3953 1305 4026 κατακεκλεισμένασ
1322 3956 1402 4012 UBH

211 4036 463 4114 9σοφοτέροισΡ
530 4036 613 4111 ύμεῖσ
630 4040 657 4094 Η
708 4035 824 4098 τούτοισ
842 4057 894 4096 om.
912 4042 943 4096 M
1001 4047 1031 4096 10
1049 4038 1167 4114 πένησιν
1183 4057 1233 4110 pro
1252 4036 1351 4098 ἴνεσιν
1368 4041 1422 4098 PH

210 4123 378 4199 α’ντείρηκεν
400 4126 426 4182 U
513 4126 670 4181 Cleanthem
689 4126 756 4181 dicit
773 4126 808 4180 cf.
832 4126 904 4181 Plut.
928 4143 1017 4196 quom.
1042 4127 1113 4181 adul.
1137 4130 1211 4194 poet.
1236 4126 1297 4181 aud.
1324 4130 1383 4182 330

211 4217 241 4268 11
260 4216 478 4284 φιλονεικοῦντα
496 4211 559 4266 libri
614 4217 643 4267 13
662 4210 732 4269 τοὺσ
748 4226 798 4280 pro
816 4215 869 4270 τοῦ
885 4211 907 4264 Ρ
978 4216 1008 4266 14
1025 4215 1200 4283 παραχρῆμα
1219 4225 1253 4264 ex
1271 4210 1341 4266 coni.
1361 4213 1476 4284 scripsi,

209 4293 288 4369 πρὸσ
299 4294 334 4354 τὸ
346 4301 442 4370 χρῆμα
454 4297 518 4351 libri
571 4301 601 4351 16
613 4300 780 4368 γεωργικῶν
793 4297 815 4350 Ρ
869 4301 898 4350 21
919 4292 1029 4368 οἴγοντο
1041 4300 1152 4366 μᾶλλον
1163 4295 1233 4363 libri,
1246 4310 1316 4351 corr.
1329 4295 1440 4355 Reiuke

210 4377 356 4438 εἴωθενΠ
425 4387 455 4437 27
475 4381 605 4454 μεγάλασ
622 4401 654 4438 τε
671 4382 733 4447 (hoc
750 4381 853 4447 ordine)
871 4381 930 4434 PW
983 4384 1015 4435 29
1032 4384 1128 4456 μισθῷ
1146 4379 1204 4434 PW
1256 4375 1347 4438 τᾶλλα
1367 4382 1420 4440 UB

211 4470 240 4520 31
261 4469 314 4537 τῆσ
331 4486 362 4523 τε
381 4467 438 4521 PW
507 4470 555 4523 καί
573 4466 653 4522 UBM
670 4482 704 4520 m.
723 4483 766 4535 pr.
