3068 5160
594 347 729 403 ORATIO
751 349 851 403 XXXI.
1296 349 1357 407 261

98 548 152 610 ριν
183 523 224 586 ού
252 521 373 610 διῆλθε
404 527 552 610 πονηρός
582 528 636 588 ὢν.
684 521 761 585 ούδέ
790 544 825 604 γε
856 521 960 597 εἴτις
983 526 1083 585 νόσον
1107 525 1279 586 ἰάσασθαι
1303 522 1357 587 δύ-

99 649 195 690 ναιτο
224 624 426 708 ἐνοχλοῦσαν
457 624 582 705 πάλαι,
614 617 763 713 φείδοιτ’
796 626 837 686 ἀν
863 621 900 701 ἐξ
922 626 1024 710 ἀρχῆς
1046 627 1217 706 ὑγιαίνειν.
1264 625 1361 707 οἶμαι
1377 630 1441 692 145

100 721 132 792 δ’
151 733 244 810 ύμάς,
269 728 367 803 εἴτις
381 730 475 792 θεῶν
496 731 642 815 φανερόν
664 730 742 808 ύμῖν
766 729 924 812 ποιήσειε
946 729 984 788 τδ
1007 724 1129 806 μέλλον
1153 728 1257 803 αὖθίς
1272 748 1358 790 ποτε

101 829 263 916 λυπήσειν
291 834 351 917 τήν
378 828 497 908 πόλιν,
527 833 664 904 πάντως
695 826 913 914 φυλάξεσθαι
941 836 1057 905 τοῦτο,
1087 830 1122 891 έν
1148 832 1225 910 ύμῖν
1247 851 1283 912 γε
1306 832 1357 894 ύν·

61 944 75 991 5
98 931 171 994 εἶτα
193 935 332 1012 τοῦμὲν
355 937 488 1017 ἑτέρους
513 930 709 1015 βλάψοντος
725 932 783 992 ούκ
799 928 992 1015 ἀμελήσετε,
1015 927 1133 1015 ἐπειδή
1151 932 1235 1011 μετά
1252 941 1357 994 ταῦτα

99 1037 211 1096 ἔσται·
241 1037 278 1096 τό
304 1032 340 1095 δέ
362 1036 449 1114 ύμοῖς
473 1035 593 1108 αύτούς
616 1034 656 1094 τά
679 1037 821 1114 μέγιστα
845 1029 982 1093 ἀδικοῦν
1005 1025 1138 1110 ἐάσετε,
1161 1036 1214 1095 ότι
1237 1030 1357 1118 πρότε-

99 1157 158 1221 ρον
180 1133 324 1221 ήρξατο;
346 1137 440 1198 τουτὶ
462 1139 523 1216 μέν
547 1137 603 1198 οὖν
627 1132 802 1209 παντελῶς
825 1134 965 1218 εύηθες,
996 1133 1031 1196 εἴ
1049 1157 1101 1210 τις
1125 1133 1234 1198 οἴεται
1256 1133 1357 1220 μηδέ-

101 1259 185 1301 ποτε
209 1235 279 1299 δεῖν
300 1235 450 1299 κωλῦσαι
473 1240 510 1299 τό
537 1238 694 1322 συνήθως
715 1243 786 1317 μέν,
810 1233 951 1310 ἀτόπως
974 1234 1009 1298 δὲ
1032 1234 1235 1320 γιγνόμενον.

185 1337 269 1416 ἀξιῶ
295 1329 326 1401 δ’
352 1342 435 1418 ὑμᾶς
457 1342 563 1401 ἐκεῖνο
588 1340 828 1424 ἐνθυμηθῆναι
849 1335 992 1419 μᾶλλον,
1019 1341 1072 1400 ότι
1095 1336 1231 1401 πολλῶν
1255 1344 1360 1405 όντων
1378 1343 1439 1406 146

49 1451 76 1500 10
97 1427 182 1503 κατά
205 1444 264 1527 τήν
288 1438 399 1518 πόλιν,
422 1433 482 1526 ἐφ’
508 1440 560 1516 οἷς
583 1443 713 1502 ἅπασιν
736 1437 880 1522 εὐλόγως
897 1441 1114 1520 σεμνύνεσθε,
1138 1447 1358 1525 πρῶτονμὲν

99 1552 166 1606 τῶν
188 1547 300 1622 νόμων
321 1545 378 1604 καί
400 1551 459 1628 τής
482 1539 637 1618 εὐταξίας
659 1551 718 1627 τής
742 1543 821 1625 περί
842 1544 902 1626 τήν
924 1539 1119 1619 πολιτείαν,
1143 1537 1202 1628 ἐφ’
1229 1545 1280 1619 οἷς
1302 1548 1359 1609 καί

98 1642 246 1724 μάλιστα
264 1642 517 1730 φιλοτιμεῖσθε,
541 1645 661 1706 ἔπειτα
679 1642 776 1723 οἶμαι
790 1644 846 1705 καί
861 1651 928 1706 τῶν
943 1647 1118 1721 τοιούτων,
1143 1647 1251 1729 ἱερῶν,
1274 1648 1358 1710 θεά-

98 1768 195 1830 τρων,
219 1747 377 1829 νεωρίων,
393 1753 522 1825 τειχῶν,
547 1743 705 1826 λιμένων·
728 1741 810 1828 <ὥν>
826 1747 867 1806 τά
887 1748 948 1825 μέν
964 1744 1112 1808 πλοῦτον
1128 1749 1288 1832 ἐμφαίνει
1302 1751 1359 1813 καί

97 1845 352 1930 μεγαλοψυχίαν
374 1850 430 1910 καὶ
452 1851 490 1909 τό
513 1850 661 1929 μέγεθος
683 1857 742 1933 τής
766 1851 931 1932 πρότερον
956 1845 1144 1928 δυνάμεως,
1174 1851 1214 1909 τά
1245 1847 1359 1913 δὲκαὶ

48 1964 76 2013 15
99 1953 157 2034 τήν
187 1953 275 2034 πρός
302 1953 380 2024 τούς
408 1951 514 2023 θεούς
544 1950 732 2029 εὐσέβειαν,
764 1949 907 2022 ούθενδς
935 1950 1035 2034 ήττον
1064 1947 1192 2033 ήδεσθε
1221 1953 1281 2013 ἐπὶ
1310 1951 1357 2034 τῷ

103 2048 233 2135 πλήθει
266 2058 333 2112 τῶν
367 2048 591 2135 ἀνδριάντων,
625 2052 778 2123 εἰκότως·
813 2051 851 2110 σύ
884 2051 946 2133 γὰρ
973 2053 1077 2130 μόνον
1104 2053 1231 2131 κόσμον
1262 2058 1359 2138 φέρει
1377 2056 1436 2117 147

100 2155 138 2212 τό
162 2160 327 2228 τοιοῦτον,
352 2153 467 2236 ὥσπερ
491 2148 573 2212 ἀλλο
597 2172 631 2212 τι
653 2158 719 2212 τῶν
743 2151 984 2234 ἀναθημάτων,
1008 2149 1093 2213 ἀλλά
1111 2154 1167 2214 καί
1181 2156 1241 2238 τήν
1265 2157 1358 2234 ἰσχύν

10 2262 160 2338 ωεσγτής
189 2251 324 2327 πόλεως
353 2255 410 2331 ούχ
438 2256 558 2338 ήκιστα
588 2249 799 2315 ἐπιδείκνυσι
825 2254 882 2314 καί
910 2256 948 2315 τδ
976 2250 1075 2337 ήθος.
1128 2256 1203 2317 ούτε
1233 2258 1295 2341 γάρ
1323 2258 1361 2319 εὖ

101 2358 291 2434 πάσχουσιν
312 2357 380 2417 ύπδ
404 2353 540 2418 πολλῶν
563 2357 597 2417 οί
619 2358 773 2434 τυχόντες
800 2355 875 2416 ούτε
897 2353 1061 2418 θέλουσιν
1091 2358 1167 2418 ούτε
1197 2356 1280 2433 ἴσως
1304 2356 1358 2421 δύ-

48 2473 77 2523 10
100 2479 218 2519 νανται
241 2455 390 2532 πολλούς
411 2466 519 2538 τιμᾶν.
607 2461 659 2521 ἔτι
682 2456 718 2520 δέ
740 2459 873 2520 κάκεῖνό
895 2459 1003 2520 ἐστιν·
1029 2459 1066 2519 ού
1089 2459 1151 2543 γάρ
1174 2463 1277 2538 μόνον
1301 2458 1358 2522 διά

99 2568 198 2621 τοῦτο
212 2558 393 2636 πλείστους
405 2560 493 2623 εἷναι
505 2550 590 2645 παρ’
605 2564 682 2642 ύμῖν
695 2558 898 2645 ἀνδριάντας
910 2553 1032 2642 [τοῦτο]
1047 2562 1261 2645 συμβέβηκεν,
1279 2555 1355 2623 ἀλλ’

101 2662 197 2743 οἶμαι
219 2666 275 2726 καί
299 2661 355 2725 διά
378 2666 416 2725 τό
436 2655 619 2743 Ῥωμαίους
638 2661 803 2737 πολλάκις
819 2663 1036 2741 πανταχόθεν
1052 2659 1237 2746 εἰληφότας
1258 2684 1358 2724 κατα-

101 2768 218 2850 σκευήν
249 2767 347 2850 ἱερῶν
375 2767 431 2827 καὶ
463 2762 647 2846 βασιλείων
681 2761 854 2848 μηδέποτε
888 2772 1024 2849 κινῆσαι
1060 2771 1127 2825 τῶν
1163 2756 1249 2847 παρ’
1280 2766 1358 2844 ύμῖν

99 2865 219 2951 μηδέν’
251 2871 337 2928 ὅπου
360 2869 417 2928 καί
439 2870 575 2951 Νέρων,
604 2868 771 2950 τοσαύτην
798 2867 990 2945 ἐπιθυμίαν
1012 2867 1068 2928 καὶ
1098 2863 1250 2951 σπουδήν
1280 2867 1360 2950 περί
1377 2871 1436 2934 148

49 2983 77 3032 25
101 2977 200 3028 τοῦτο
224 2969 323 3046 ἔχων,
354 2969 440 3029 ὥστε
466 2966 550 3052 μηδὲ
574 2974 641 3028 τῶν
664 2964 700 3043 ἐξ
717 2957 905 3048 Ὀλυμπίας
934 2953 1156 3047 ἀποσχέσθαι
1184 2966 1268 3053 μηδὲ
1292 2975 1359 3030 τῶν

100 3071 135 3128 ἐκ
157 3066 314 3153 Δελφῶν,
337 3070 450 3130 καίτοι
473 3072 610 3130 πάντων
633 3066 781 3148 μάλιστα
805 3073 950 3154 τιμήσας
979 3077 1084 3131 ταῦτα
1115 3071 1156 3131 τά
1188 3073 1277 3155 ἱερά,
1308 3072 1360 3132 ἔτι

102 3168 137 3231 δέ
161 3173 239 3244 τούς
262 3168 444 3244 πλείστους
466 3177 533 3231 τῶν
556 3172 591 3231 ἐκ
613 3179 673 3255 τής
695 3167 912 3254 ἀκροπόλεως
930 3163 1132 3257 Ἀθήνηθεν
1154 3179 1359 3255 μετενεγκεῖν

100 3275 156 3333 καί
178 3279 245 3334 τῶν
267 3274 303 3333 ἐκ
318 3273 500 3356 Περγάμου
525 3269 683 3348 πολλούς,
708 3270 797 3353 αύτῷ
821 3274 1053 3356 προσήκοντος
1075 3277 1202 3337 ἐκείνου
1225 3283 1286 3336 τοῦ
1307 3297 1358 3336 τε·

99 3378 236 3453 μένους·
260 3375 340 3457 περὶ
361 3376 422 3454 μέν
444 3375 506 3457 γάρ
530 3382 596 3436 τῶν
620 3367 704 3458 παρ’
731 3371 848 3448 ἀλλοις
870 3375 904 3434 τί
927 3371 981 3435 δεῖ
1006 3373 1131 3457 λέγειν,
1159 3379 1237 3451 τούς
1263 3377 1356 3459 παρὰ

47 3490 76 3540 30
98 3480 217 3556 μόνοις
239 3478 316 3555 ὑμῖν
339 3475 443 3554 εἴάσε,
466 3479 522 3538 καί
544 3480 710 3561 τοσαύτην
733 3472 931 3551 ἐπεδείξατο
947 3477 1079 3538 εύνοιαν
1094 3480 1151 3539 καί
1166 3481 1264 3562 τιμήν
1288 3481 1357 3557 ἀμα

187 3667 200 3717 1
221 3655 256 3718 δν
273 3675 323 3730 pro
343 3651 413 3718 οὗΤ
482 3661 595 3718 διέλαθε
612 3659 733 3725 Lobeck,
751 3659 874 3715 Hertlein
944 3664 959 3714 2
978 3661 1160 3717 scribendum:
1180 3653 1303 3734 φοβοῖτ’
1321 3655 1358 3719 ἀν

98 3743 170 3816 (τὸ)
181 3744 213 3813 ἐξ
222 3740 312 3820 ἀρχῆς
323 3743 434 3816 (πάλιν)
445 3741 581 3817 ὑγιαίνειν
632 3751 647 3800 3
661 3741 806 3816 ποιήσειεν
817 3740 883 3814 ύμῖν
895 3746 956 3812 (hoc
968 3746 1038 3814 ord.)
1049 3747 1072 3800 T
1125 3752 1141 3801 4
1154 3744 1266 3803 πάντοσ
1278 3747 1304 3801 U

99 3829 258 3903 φυλάξεσθε
276 3831 325 3887 UB
342 3832 443 3897 (malim
459 3825 509 3900 ἐφ’
527 3824 600 3900 ύμῖν)
674 3837 689 3885 5
707 3830 789 3885 scrib.
809 3830 835 3887 εί
850 3834 898 3888 καί
914 3827 987 3901 μετὰ
1006 3831 1079 3889 πολὺ
1097 3827 1177 3888 ἔσται
1247 3835 1262 3885 6
1280 3830 1358 3888 έστιν

99 3932 159 3986 (pro
173 3913 377 3983 ἴσται)Μέστι
388 3916 471 3984 UBT,
490 3933 560 3973 corr.
573 3916 674 3972 Reiske
728 3907 772 3974 δτι
785 3916 858 3984 wil„
876 3917 903 3975 εί
913 3917 976 3973 libri
1036 3913 1189 3974 ῖοῖετεΜ
1249 3911 1358 3987 δύ’ήν

99 4017 149 4072 pro
168 4002 266 4060 όεῖνΜ
319 3998 474 4074 γινόμενον
485 4001 533 4055 ΒΤ
587 4007 617 4056 10
636 3992 762 4068 ἅπαντες
779 4018 829 4070 pro
842 3993 952 4060 ἅπασιν
962 4002 1065 4058 mavult
1077 4001 1196 4058 Cobetus
1257 3997 1357 4068 σεμνύ-

100 4093 202 4144 νεσθαι
219 4087 247 4141 M
318 4090 349 4142 12
363 4092 575 4159 φιλοτιμεῖσθαι
591 4087 621 4141 M
694 4091 722 4140 13
740 4078 782 4143 ὧν
796 4088 858 4142 add.
875 4087 981 4142 Selden.
1045 4086 1080 4144 τὰ
1098 4087 1152 4155 μὲν
1167 4087 1190 4140 Τ
1207 4087 1238 4153 (ἴ)
1253 4083 1287 4143 τὸ
1304 4087 1358 4156 μέν

101 4172 181 4228 UBM
260 4178 289 4226 15
304 4165 458 4230 ούόενδσΤ
533 4164 652 4243 ήδεσθαι
669 4172 749 4228 UBM
822 4177 851 4226 16
870 4169 1001 4244 πλήθηῐ]
1073 4176 1103 4226 19
1121 4172 1355 4240 (exspectaverim

101 4254 168 4317 οὕτε
186 4261 271 4328 τιμᾶν
289 4253 414 4324 πολλοὺς
433 4255 499 4315 ούτε
518 4257 651 4314 θέλουσιν
670 4254 736 4314 ούτε
759 4253 828 4323 ἴσως
845 4258 988 4321 δύνανται)
1062 4261 1094 4311 20
1113 4254 1158 4315 διὰ
1176 4261 1263 4314 τοῦτο
1283 4256 1357 4324 ΜΗ,

101 4340 146 4402 όιίι
165 4363 200 4400 το
213 4342 288 4412 libri3
306 4344 365 4413 ipse
378 4344 501 4399 volebam
514 4343 558 4400 όιά
571 4337 605 4399 τὸ
619 4341 806 4416 <είρημεῑνον>
858 4347 944 4400 τοῦτο
958 4343 1057 4398 seclusi
1108 4347 1141 4398 24
1158 4342 1263 4414 μηόὲνα
1275 4342 1306 4396 Μ

102 4425 236 4501 τοιαύτην
252 4429 326 4495 libri,
345 4445 414 4484 corr.
433 4429 536 4485 Reiske
606 4431 637 4480 25
657 4421 852 4499 ἀποδέχεσθαι
870 4428 899 4481 Μ
958 4432 990 4482 26
1008 4433 1098 4486 ταῦτα
1117 4425 1212 4486 πάντα
1231 4422 1267 4485 τὰ
1285 4427 1356 4491 libri,

101 4529 171 4569 corr.
191 4513 291 4568 Reiske
360 4517 391 4568 28
411 4512 617 4584 προσήκοντασ
633 4510 663 4564 Μ
