3068 5160
572 344 708 400 ORATIO
726 342 854 398 XXXIII.
1278 342 1340 400 315

84 525 180 600 γικοῦ
202 514 344 580 ἀεϊσθαι
367 525 514 601 ποιητοῦ
534 521 572 579 τό
595 525 662 580 τῶν
685 518 897 601 ἀνθρώπων,
921 520 1016 589 ὅστις
1040 512 1219 600 δυνήσεται
1240 538 1340 578 κατα-

86 625 176 699 σχεῖν
197 622 255 682 καί
276 622 450 701 ἀνακόψαι
471 622 638 704 τοσαύτην
662 623 789 704 φοράν·
814 622 861 694 ὡς
882 617 944 704 ἤάη
968 619 1073 700 μανίηι
1091 620 1130 679 τό
1146 621 1340 699 γιγνόμενον

84 723 192 784 ἔοικεν
221 720 343 807 αἰσχρᾷ
370 724 427 784 καί
456 723 611 805 ἀπρεπεῖ
633 723 689 783 καί
717 729 816 782 τοῦτο
839 723 877 782 τό
901 724 1032 805 νόσημα
1056 714 1125 804 [τῆς
1148 720 1391 802 ἀπρεπείας62

82 825 140 886 καί
168 818 416 906 ἀναισχυντίας]
443 821 549 904 κύκλῳ
579 825 714 907 περιιόν
736 826 821 904 ὑμᾶς
842 825 902 885 έπί
925 825 1036 885 πάντα
1059 824 1134 903 ἀγει
1155 823 1194 882 τὸ
1219 818 1341 883 λοιπὸν

45 935 61 986 5
83 927 140 986 καί
167 925 247 1009 ἔργα
276 928 332 988 καί
362 926 479 1010 φωνάς
507 927 563 987 καὶ
590 927 741 1010 σχήματα
763 929 820 988 καί
842 927 971 999 παντός
993 926 1140 984 ἅπτεται
1161 924 1218 984 καί
1239 924 1341 984 καθι-

82 1031 212 1088 κνεῖται
233 1032 372 1111 μέρους,
396 1025 527 1104 ποάῶν,
547 1035 684 1110 χειρῶν,
709 1029 879 1107 ὀμμάτων,
901 1023 1060 1109 γλώττης.
1107 1025 1224 1087 ούκουν
1245 1029 1340 1109 ημῶν

84 1125 208 1214 όφελος
232 1127 327 1192 οὐδέν
351 1128 427 1191 ούάὲ
443 1138 502 1215 τῆς
519 1130 694 1213 ἀνειμένης
709 1132 833 1214 ταύτης
847 1132 904 1191 καὶ
919 1129 1088 1201 ἀσθενοῦς
1104 1127 1340 1210 παραμυθίας,

84 1227 170 1291 ἀλλά
198 1228 324 1310 μᾶλλον
345 1234 530 1315 Στέντορός
551 1250 644 1305 τινος
663 1233 759 1315 χρεία
784 1232 1019 1316 φθεγγομένου
1039 1226 1180 1308 χάλκεον
1203 1230 1222 1313 ἢ
1248 1226 1341 1313 σιόή-

84 1351 171 1414 ρεον,
195 1332 232 1406 ὃς
254 1335 338 1411 ἐμοῦ
358 1334 521 1417 βοήσεται
542 1327 656 1411 μεῖζον
678 1336 735 1396 καλ
758 1338 977 1419 σαφέστερον.
1016 1335 1113 1416 ὁρᾶτε
1127 1332 1189 1416 γάρ
1207 1331 1246 1392 σί
1257 1334 1340 1410 πρό-

33 1441 62 1493 lo
84 1451 181 1495 εισιν.
219 1437 354 1516 γενείων
376 1436 414 1495 τύ
439 1441 575 1518 πρῶτον
598 1436 721 1519 εὑρέθη
744 1439 858 1519 κουρά,
880 1437 936 1497 καί
951 1441 1050 1496 τοῦτο
1067 1431 1177 1496 έόόκει
1191 1438 1339 1517 μέτριον,
1351 1441 1391 1503 63

83 1537 122 1596 τύ
151 1538 195 1621 μη
228 1533 361 1620 σφόόρα
387 1537 594 1613 καθεικέναι,
617 1528 699 1620 μηδ’
725 1539 785 1599 έπί
807 1534 921 1614 πλέον,
945 1534 1030 1598 ἀλλά
1053 1531 1174 1621 πρᾴως
1196 1538 1340 1621 έπανορ-

83 1638 171 1699 θοῦν
194 1640 253 1722 τὴν
277 1641 389 1723 φύσιν.
429 1639 545 1700 ούκοῦν
562 1640 749 1714 ότοιοῦτος
764 1637 874 1701 έάόκει
890 1636 1033 1714 πολλοῖς
1049 1636 1231 1714 ἐπιδέξιος.
1266 1638 1339 1700 εἶτα

83 1736 209 1824 ἐξύρων
231 1744 329 1824 μέχρι
357 1747 424 1802 τῶν
451 1747 618 1824 παρειῶν·
650 1738 725 1802 orioli
749 1745 849 1802 τοῦτό
872 1761 928 1803 πω
953 1739 1076 1802 ἀεινόν·
1106 1732 1182 1801 ἀλλ’
1208 1744 1300 1821 ὅμως
1323 1743 1342 1802 ό

82 1844 229 1922 κωμικός
250 1844 307 1903 καί
328 1850 447 1903 τοῦτον
469 1839 620 1902 ἐκέλευσε
642 1845 821 1903 κατακάειν

31 1949 61 2001 15
167 1945 227 2005 ἐπὶ
251 1941 410 2028 φαλήτων
435 1943 575 2004 συκίνων
598 1939 780 2004 ἑκκαίδεκα.

84 2042 171 2132 πλην
201 2044 290 2124 εἶχον
319 2041 428 2128 εὐειδῆ
463 2044 505 2103 τά
539 2045 711 2127 πρόσωπα
744 2045 801 2104 καλ
829 2040 973 2104 παιδικά
1003 2033 1086 2127 παρ’
1119 2041 1252 2128 ἠλικίαν
1280 2054 1340 2131 τῆς

84 2145 204 2231 λάχνης
226 2149 350 2230 ταύτης
372 2141 622 2228 ἀπηλλαγμένα,
646 2144 730 2221 εἶτα,
753 2152 852 2205 τοῦτο
877 2141 999 2206 λοιπόν
1022 2146 1082 2221 ἔτι,
1105 2146 1147 2206 τά
1172 2144 1268 2231 σκέλη
1284 2150 1341 2209 καί

83 2252 121 2311 τὸ
154 2254 306 2331 στέρνον,
337 2248 391 2308 ἵνα
420 2248 477 2308 καί
504 2242 610 2306 τάλλα
633 2248 747 2325 ύμοιοι
770 2247 891 2307 παισίν
914 2244 1012 2324 ὦμεν.
1058 2245 1131 2308 εἶτα
1153 2252 1252 2332 μέχρι
1273 2257 1340 2312 τῶν

84 2353 282 2434 βραχιόνων,
306 2347 379 2410 εἷτα
402 2350 462 2410 ἐπὶ
483 2348 524 2408 τά
544 2345 659 2409 αίάοῐα
675 2349 834 2429 μεταβάν,
856 2339 879 2432 ᾗ
893 2350 950 2410 καί
964 2351 1003 2410 τό
1019 2349 1102 2434 ηβάν
1119 2347 1215 2412 δοκεῖ
1225 2371 1340 2436 περιτ-

10 2464 62 2518 llll
83 2457 151 2529 τόν,
176 2454 369 2513 σκώπτεται
393 2448 431 2535 cll}
455 2451 511 2511 καί
532 2447 758 2531 καταγελᾶται
780 2451 874 2535 παρά
897 2455 971 2524 τοϊς
995 2456 1119 2535 σοφοῖς
1140 2455 1197 2514 καί
1215 2458 1338 2539 νέοιςη

84 2563 144 2638 τῆς
168 2556 303 2638 φύσεως
325 2557 432 2637 τέχνη,
454 2553 614 2636 καθάπερ
638 2553 760 2637 ἀρχαία
783 2573 836 2626 τις
859 2552 942 2613 ούσα
965 2555 1022 2614 καὶ
1046 2550 1179 2637 σφόάρα
1202 2556 1339 2638 εύηθης,

85 2657 202 2739 ἀχρεῖα
216 2656 272 2715 καί
283 2655 426 2738 περιττά
439 2654 637 2739 προσθεῖσα
652 2653 700 2736 τῴ
718 2657 860 2734 σώματι.
893 2656 929 2715 τί
942 2656 1004 2739 γάρ
1021 2657 1098 2734 ὑμῖν
1115 2657 1240 2733 ὀνύχων
1256 2654 1336 2732 ἔδει,
1350 2662 1391 2723 64

84 2757 119 2817 τί
135 2753 170 2816 ἀὲ
182 2763 305 2839 τριχῶν
312 2778 323 2831 ;
339 2748 413 2817 ἀλλ’
436 2754 511 2819 coslo
522 2764 643 2840 χειρῶν
657 2755 740 2830 ἴσως
757 2753 833 2817 οὐδὲ
850 2753 976 2818 ποάῶν.
1007 2754 1123 2818 αίόοῐα
1135 2761 1239 2836 μόνον
1253 2760 1341 2837 ὑμᾶς

84 2855 154 2920 ἔδει
176 2866 322 2943 ποιησαι
343 2859 400 2919 καί
420 2863 586 2941 γαστέρας
607 2859 663 2919 καί
689 2861 818 2944 τροφὴν
841 2860 1055 2942 παραθεῖναι
1075 2863 1132 2923 καί
1154 2857 1269 2938 τάλλα,
1294 2860 1340 2923 ὥν

33 2971 62 3022 25
83 2962 176 3022 ἔστιν
198 2956 395 3021 ἀπολαύειν.
443 2953 632 3044 [τοιγαροῦν
656 2961 751 3022 αύτοί
774 2965 1024 3045 περικόπτομεν
1047 2965 1197 3039 έαυτούς,
1219 2964 1276 3026 καί
1297 2965 1339 3025 τά

82 3064 143 3141 μὲν
165 3066 276 3143 γένεια
298 3063 355 3123 καί
376 3064 435 3146 την
451 3061 534 3145 ἥβην
552 3063 773 3146 ἀφαιροῦμεν,
797 3064 818 3121 ἀ
841 3070 907 3123 τῶν
931 3060 1061 3148 ἀνδρῶν
1077 3062 1149 3127 ίίλιά
1165 3059 1287 3149 ἐστιν]
1310 3068 1341 3128 εί

173 3299 182 3347 1
203 3288 238 3349 τὸ
258 3298 317 3349 τῶν
334 3286 509 3364 ἀνθρώπων.
543 3294 675 3346 lacunosa
692 3294 760 3346 baec
777 3308 899 3362 quoque;
917 3293 1054 3349 desidero:
1079 3292 1115 3352 τὸ
1134 3297 1273 3371 (πρᾶγμα
1290 3303 1341 3354 καὶ

84 3388 170 3443 ποῖος
187 3375 350 3450 φιλόσοφος
366 3373 384 3448 ἢ
401 3376 560 3447 νομοθέτης
578 3367 655 3432 οὕτω
673 3372 764 3442 δεινὸς
781 3376 1022 3449 μεταῤῥυθμίζειν
1034 3374 1085 3451 τὴν
1103 3384 1263 3454 πονηρίαν)
1280 3388 1339 3439 των

84 3458 251 3533 ἀνθρώπων
268 3465 309 3518 vel
326 3464 382 3516 tale
399 3463 464 3528 quid
558 3452 648 3517 άστισ
666 3460 689 3513 Β
793 3465 808 3514 3
826 3466 876 3533 τῆς
893 3455 1054 3534 ἀπρεπείας
1071 3470 1120 3522 καί
1138 3460 1339 3538 ἀναισχυντίας

85 3550 183 3605 seclusi
251 3542 323 3605 ola
340 3544 515 3620 ἐμβοήσεται
532 3545 602 3611 libri,
620 3561 691 3602 corr.
709 3545 811 3600 Jacobs
880 3547 995 3615 πρόεισι
1012 3549 1060 3602 ΒΤ
1133 3557 1163 3604 10
1181 3547 1284 3623 εὑρέθη
1302 3548 1337 3610 τὸ

84 3640 203 3708 πρῶτον
221 3635 283 3700 (boc
302 3632 411 3698 ord.)B
495 3636 526 3686 11
545 3631 695 3688 καθικέναι
712 3635 747 3683 Μ
764 3631 921 3702 καθηκέναι
938 3633 988 3688 UB
1077 3638 1107 3688 13
1126 3631 1212 3705 ξυρὸν
1228 3637 1277 3693 UB
1296 3642 1338 3703 ξεν

85 3721 181 3794 ρῶνΤ
233 3718 401 3791 παροιῶνΤ
453 3737 494 3772 τω
512 3715 636 3773 corcoli
654 3719 741 3796 γοῦτο
760 3720 826 3772 noio
837 3717 887 3772 UB
904 3722 1058 3775 τοῦτοπωσ
1073 3718 1105 3782 Τ,
1124 3735 1195 3775 corr.
1213 3721 1293 3790 Emp.

86 3811 119 3860 14
135 3807 304 3862 κατακαίειν
321 3804 383 3858 libri
435 3808 466 3857 15
486 3799 602 3874 φαλήτω
621 3804 680 3857 τῶν
698 3803 819 3858 συκίνων
836 3803 866 3856 Μ
932 3806 963 3856 16
981 3797 1093 3873 ἡλικίαν
1110 3807 1159 3859 καί.
1176 3810 1230 3877 τῆσ
1248 3804 1339 3879 ἀχνησ

84 3902 192 3978 ταύτησ
208 3906 280 3974 libri,
298 3921 367 3961 corr.
386 3905 465 3974 Emp.
483 3909 511 3959 ct
529 3904 646 3960 casaub.
709 3908 738 3958 ll
758 3893 984 3977 ἀπηλλαγμῖνῐλ
1037 3900 1287 3980 ἀπηλαγμένωνΤ

84 4007 135 4060 pro
153 3995 240 4047 τοῦτο
258 3991 349 4045 malini
366 3985 400 4046 τὸ
488 3985 592 4046 λοιπὸν
609 3987 656 4045 ἐπὶ
673 3984 708 4046 τὰ
727 3989 797 4055 libri,
816 4005 885 4044 corr.
904 3989 1007 4044 Jacobs
1112 3997 1142 4047 18
1163 3983 1250 4063 ὅμοια
1268 3996 1339 4061 libri,

86 4091 156 4132 corr.
175 4077 254 4145 Emp.
345 4080 374 4129 19
391 4069 523 4147 μεταβάν
541 4064 558 4144 ,ἧ
576 4077 671 4143 (postr.
689 4074 785 4128 literas
801 4075 829 4128 iu
847 4079 913 4138 ras.)
931 4073 961 4125 M
1048 4075 1125 4131 locus
1145 4087 1304 4148 corruptus3
1322 4097 1339 4136 a

87 4158 249 4219 σκώπτεται
271 4160 439 4215 enuntiatum
462 4160 569 4228 inclpit;
597 4158 783 4212 antecedentia
805 4160 845 4213 ita
866 4158 1033 4213 conformari
1053 4166 1183 4228 possunt:
1209 4166 1339 4238 μετέβαι-Δ

86 4267 138 4302 νον
157 4241 200 4311 οἷς
217 4249 265 4303 καί
368 4249 401 4299 21)
420 4248 554 4300 Καινεῦσι
573 4241 750 4298 casaubonus
767 4247 827 4310 (pro
851 4247 898 4299 καί
923 4243 1009 4311 νέοις)
1114 4249 1146 4300 22
1164 4251 1213 4303 καί
1236 4242 1337 4322 ἀχρεῖα

86 4327 205 4400 περιττὰ
224 4332 286 4396 (11οο
298 4330 367 4396 ord.)
384 4329 454 4395 libri,
467 4335 570 4396 transp.
584 4327 685 4382 RoIsko
736 4321 863 4397 ἡμῖνΠΒ
916 4333 948 4384 23
967 4332 996 4386 τί
1013 4331 1143 4387 oalUss'r
1196 4337 1230 4386 24
1247 4354 1338 4406 παρα-

86 4420 173 4486 θῆναι
190 4417 216 4472 U
336 4419 368 4470 25
387 4418 592 4487 τοιγαροῦν-
611 4408 666 4469 λ’όιά
685 4409 762 4468 ἐστιν
784 4413 885 4467 seclusi
901 4429 971 4482 quaa
989 4431 1121 4470 conexum
1144 4419 1338 4475 sententiarum

84 4502 247 4570 perturbant
