3068 5160
663 358 801 414 ORATIO
819 359 945 415 XXXIV.
1368 357 1429 417 317

171 554 290 616 ματος.
328 537 363 596 τί
385 525 465 595 ποτ’
493 535 550 596 σύν
572 532 717 609 ἐλπίσας
738 536 795 596 καὶ
817 535 852 595 τί
872 531 1055 618 βουληθεὶς
1078 529 1301 618 παρελήλυθα
1321 538 1468 597 τοιού-4

171 657 232 712 τος
262 639 308 698 ών
331 639 367 698 ἐν
388 634 495 720 καιρῷ
525 639 688 717 τοιούτφ;
716 638 840 715 μανίας
865 637 1049 720 γάρτοῦτο
1074 631 1250 719 ἀληθινῆς.
1296 637 1349 696 άτι
1370 657 1432 719 μη-

175 736 271 813 δενὸς
294 739 395 812 αὐτὸς
419 735 540 817 δέομαι
563 730 649 822 παρ’
674 737 775 818 ὑμῶν,
799 734 884 798 ἀλλά
903 745 961 821 τῆς
976 739 1139 821 ὑμετέρας
1155 733 1323 821 ὠφελείας
1338 740 1432 799 ένεκα

175 838 383 904 ἐσπούδακα.
428 841 487 902 ἐάν
511 840 568 902 σύν
590 841 633 924 μή
665 840 864 923 ἀνάσχησθέ
885 859 966 918 μου,
997 836 1097 924 δῆλον
1119 841 1173 900 δτι
1194 841 1278 917 ὑμᾶς
1301 840 1432 916 αύτούς,

134 955 151 1005 0
174 945 233 1006 οῦκ
248 946 316 1023 ἐμέ,
334 938 528 1026 ζημιώσετε.
636 943 749 1003 καίτοι
766 936 829 1024 [οὐ]
847 943 1011 1026 προσήκει
1026 960 1062 1022 γε
1077 943 1165 1020 ύμῖν,
1189 939 1225 1002 εἴ
1235 961 1276 1019 με
1291 941 1433 1025 ήγεῖσθε

173 1047 231 1107 καὶ
258 1043 306 1126 τῴ
337 1046 408 1106 άντι
433 1044 637 1125 μαίνεσθαι,
662 1037 710 1106 δι’
737 1046 818 1107 αύτδ
841 1052 940 1105 τοῦτο
964 1044 1115 1105 ἀκοῦσαι.
1159 1045 1203 1128 μή
1227 1042 1289 1126 γάρ
1314 1041 1434 1104 οἴεσθε

175 1148 296 1221 ἀετούς
317 1148 378 1225 μέν
399 1146 456 1207 καὶ
479 1147 614 1228 ἱέρακας
637 1149 884 1230 προσημαίνειν
900 1145 1103 1228 ἀνθρώποις
1125 1146 1163 1205 τὸ
1188 1141 1273 1221 δέον,
1296 1146 1353 1206 καί
1374 1147 1433 1230 τήν

176 1249 271 1329 παρά
294 1255 361 1310 τῶν
384 1249 548 1309 τοιούτων
573 1246 762 1333 συμβουλήν
784 1250 910 1333 πιστήν
933 1246 1022 1310 εἷναι
1045 1244 1102 1308 διά
1118 1249 1157 1307 τδ
1174 1247 1363 1326 αὐτόματον
1377 1247 1435 1308 καὶ

176 1352 215 1412 τδ
238 1351 352 1427 θεῖον,
376 1346 482 1432 ἀνδρα
506 1345 541 1409 δὲ
565 1351 752 1434 ἀφιγμένον
776 1352 882 1424 οὕτως
904 1351 960 1411 καί
981 1347 1183 1433 μηδαμόθεν
1206 1351 1283 1427 ὑμῖν
1307 1350 1434 1433 προσή-

122 1463 153 1515 10
173 1473 276 1514 κοντα
304 1455 350 1576 μή
379 1452 464 1513 κατά
493 1454 531 1512 τὸ
562 1448 739 1531 δαιμόνιον
767 1455 858 1536 ήκειν
887 1454 1026 1535 ἐροῦντα
1052 1452 1109 1513 καὶ
1132 1447 1433 1568 συμβουλεύσοντα.

178 1556 291 1616 καίτοι
312 1555 352 1614 τά
381 1555 442 1632 μέν
470 1560 584 1615 τῶνο
567 1555 756 1617 οἰωνῶνί
726 1550 868 1630 εἰκάζειν
898 1550 965 1630 δεῖ,
995 1560 1062 1615 τῶν
1093 1550 1170 1614 δέ“
1151 1545 1213 1614 νπ’
1240 1555 1324 1632 ἐμοῦ
1346 1550 1436 1634 λεγο-
1453 1554 1471 1613 5

178 1659 288 1767 μένων
309 1656 400 1717 ἔστιν
423 1657 590 1718 ἀκούσασι
619 1662 769 1719 συνιέναι
793 1658 849 1718 καὶ
877 1656 1093 1737 σκέψασθαι,
1123 1656 1182 1717 ἐάν
1215 1657 1280 1739 ἀρα
1316 1653 1436 1741 σαφῶς

178 1777 199 1839 η
230 1776 264 1817 τι
286 1759 461 1841 χρήσιμον.
507 1755 676 1838 βούλομαι
706 1756 757 1835 δέ,
786 1760 864 1820 ἐπεὶ
892 1780 958 1820 ταν
986 1759 1151 1819 τοιούτων
1179 1759 1371 1842 ἐμνήσθην,
1401 1760 1436 1819 ἐν

179 1859 310 1943 Φρυγίᾳ
332 1883 367 1922 τι
391 1861 520 1940 συμβάν
543 1862 664 1937 εἰπεῖν,
690 1849 735 1922 ίν
762 1861 865 1934 εὐθύς
889 1859 1028 1923 ἐνθένδε
1050 1880 1114 1940 μου
1129 1857 1314 1941 καταγελᾶν
1331 1862 1434 1944 ἔχητε

122 1969 154 2021 lb
176 1963 259 2047 ἀνήρ
284 1961 379 2048 Φρύξ
406 1964 466 2024 ἐπὶ
486 1964 626 2047 κτήνους
649 1957 810 2043 ἐβάδιζεν.
856 1955 958 2037 ώςδ’
984 1965 1157 2025 ἐθεάσατό
1178 1983 1254 2024 τινα
1276 1965 1435 2046 κορώνην,

178 2065 438 2144 οἰωνισάμενος,
466 2067 500 2126 οἱ
521 2066 583 2150 γάρ
609 2067 739 2148 Φρύγες
760 2065 801 2125 τά
825 2073 965 2126 τοιαῦτα
990 2062 1104 2141 δεινοί,
1129 2062 1217 2146 λίθῳ
1241 2060 1360 2144 βάλλει
1380 2064 1439 2124 καί

176 2185 254 2241 πως
282 2170 436 2249 τυγχάνει
465 2167 575 2252 αύτής.
628 2169 717 2228 πάνυ
747 2167 804 2228 οῦν
833 2169 943 2252 ήσθη,
976 2169 1033 2229 καί
1060 2169 1203 2246 νομίσας
1232 2168 1282 2241 είς
1310 2166 1438 2249 ἐκείνην

116 2278 163 2331 ili)
176 2269 377 2354 τετράφθαι
404 2270 443 2328 τδ
470 2265 620 2346 χαλεπὸν
643 2271 833 2353 ἀναιρεῖται
858 2270 915 2330 καί
936 2270 1064 2349 ἀναβάς
1086 2266 1235 2354 ἤλαυνεν.
1280 2273 1299 2353 ή
1325 2265 1360 2330 δὲ
1383 2288 1437 2346 μι-

177 2373 258 2455 κρὸν
283 2366 491 2433 διαλιποῦσα
514 2367 699 2454 ἀνέσφηλε·
728 2374 766 2432 τά
791 2368 826 2432 δὲ
848 2379 967 2449 κτῆνος
990 2372 1145 2455 πτοηθὲν
1169 2367 1358 2450 ἀποβάλλει
1379 2371 1438 2430 τὸν

125 2480 155 2532 20
178 2469 297 2553 ἀνδρα,
320 2472 376 2532 καί
399 2471 435 2544 δς
458 2472 574 2533 πεσών
596 2475 778 2553 κατάγνυσι
800 2475 838 2533 τδ
863 2470 988 2547 σκέλος.
1026 2474 1152 2547 ἐκεῖνος
1174 2474 1235 2551 μὲν
1254 2472 1311 2533 οὖν
1331 2473 1437 2544 ούτως

180 2569 384 2656 ἀπήλλαξεν,
412 2573 594 2656 ἀχάριστος
616 2577 792 2656 γενόμενος
816 2577 895 2660 περὶ
916 2578 955 2636 τδ
980 2572 1157 2656 σύμβολον.
1203 2575 1267 2654 ἐγώ
1291 2571 1326 2635 δὲ
1351 2570 1473 2636 πολύθ

180 2694 243 2754 μοι
271 2672 357 2736 δοκιῖ
386 2683 445 2760 τής
472 2678 622 2760 κορώνης
650 2674 905 2760 ἀσφαλέστερον
927 2675 1177 2758 βεβουλεῦσθαι
1198 2679 1254 2738 καί
1277 2677 1364 2759 πρὸς
1386 2674 1437 2735 εύ-

179 2781 471 2860 γνωμονεστέρους
504 2775 630 2861 ἀνδρας
662 2781 753 2862 ήκειν
782 2786 844 2839 τοῦ
872 2783 1012 2863 Φρυγός.
1057 2780 1114 2840 ἐάν
1145 2780 1207 2862 γάρ
1242 2779 1320 2857 ύμῖν
1350 2775 1436 2838 δοκῶ

183 2875 354 2963 φλυαρεῖν,
380 2880 417 2939 ού
442 2877 551 2963 δήπου
577 2877 693 2953 λίθοις
714 2877 850 2959 βαλεῖτέ
871 2903 922 2961 με,
946 2878 1030 2942 ἀλλά
1053 2881 1272 2965 θορυβήσετε.

130 2991 160 3042 lb
268 2985 350 3064 φέρε
374 2981 441 3057 σύν,
466 2983 543 3043 ἐπεὶ
567 2989 720 3043 σιωπᾶτε
741 2983 798 3044 καὶ
820 2984 1015 3062 ὑπομένετε,
1040 2990 1175 3067 πρῶτον
1191 2986 1251 3063 μὲν
1267 2983 1384 3057 ἐκεῖνο,
1408 2982 1438 3042 εί

181 3084 226 3167 μή
252 3090 372 3167 σαφῶς
395 3081 478 3160 ἴστε,
503 3080 675 3161 ἐπιδείξω,
699 3087 752 3146 δτι
776 3082 896 3147 δεῖσθε
917 3088 1051 3170 γνώμης
1073 3088 1108 3147 ἐν
1131 3084 1177 3167 τῴ
1202 3084 1358 3170 παρόντί,
1383 3084 1439 3144 καί

182 3191 323 3244 τοιαῦτα
346 3187 439 3264 ὑμῶν
462 3187 504 3246 τά
528 3188 710 3269 πράγματά
733 3188 826 3248 ἐστιν
843 3188 929 3248 ώστε
944 3185 1068 3272 βουλής
1086 3184 1165 3263 ἀξια
1182 3186 1270 3250 εἶναι
1284 3189 1341 3249 καὶ
1355 3183 1438 3247 πολ-

185 3282 243 3370 λής
266 3288 447 3369 προνοίας·
471 3279 603 3364 ἔπειθ’,
627 3291 681 3350 δτι
702 3287 820 3373 μηδείς
841 3290 920 3367 ὑμῖν
944 3286 1084 3350 δύναται
1106 3286 1234 3373 ῥηιδίως
1249 3293 1377 3351 τούτων
1400 3291 1438 3350 τδ

185 3384 261 3450 δέον
284 3395 501 3472 παραινέσαι,
527 3391 642 3470 οἱμὲν
666 3391 785 3472 ἀγνοίην
808 3399 870 3451 τοῦ
892 3396 1134 3476 συμφέροντος,
1159 3394 1193 3452 οἱ
1216 3389 1253 3452 δέ
1274 3411 1363 3463 τινες
1383 3392 1440 3451 καὶ

132 3498 162 3550 00
185 3487 294 3572 δειλίᾳ
317 3500 358 3575 τῇ
382 3494 469 3575 πρὸς
490 3493 577 3571 ύμάς
598 3493 617 3575 ή
642 3500 684 3576 τῇ
707 3495 794 3574 πρὸς
817 3497 951 3577 ἑτέρους
973 3495 1029 3554 καί
1051 3497 1089 3555 τὸ
1114 3495 1223 3554 αὐτῶν
1251 3491 1334 3567 ἴσως
1356 3489 1439 3571 μάλ-

185 3589 243 3654 λον
266 3594 353 3655 ἔνιοι
376 3602 596 3668 σκοποῦντες·
621 3595 751 3669 ἔπειτα,
775 3594 814 3676 ἢν
838 3595 939 3669 αύτδς
961 3596 1025 3674 ἔχω
1043 3598 1176 3679 γνώμην
1199 3596 1279 3676 περὶ
1301 3595 1474 3670 τούτων,7

183 3696 241 3756 καί
270 3697 304 3756 τί
334 3692 504 3779 πράξασιν
534 3699 611 3775 ύμῖν
635 3696 694 3756 ἐπὶ
716 3703 777 3755 τοῦ
799 3699 968 3779 παρόντος
990 3699 1046 3759 καὶ
1069 3704 1144 3772 πῶς
1165 3692 1317 3758 καθόλου
1341 3701 1439 3778 προϊ-

274 4014 287 4065 1
308 4000 354 4066 δτι
370 4026 420 4079 pro
438 4012 467 4067 τί
483 4010 575 4080 priore
592 4011 668 4076 libri,
691 4027 761 4066 corr.
779 4011 877 4081 Plluglr
962 4007 1034 4069 κοτ’
1053 4007 1090 4068 ἀν
1107 4011 1182 4076 libri,
1202 4025 1272 4066 corr.
1291 4011 1371 4081 Emp.

187 4101 203 4150 5
221 4092 256 4152 οὗ
273 4096 384 4150 seclusit
401 4095 500 4150 Reiske
569 4091 620 4153 ἕνα
638 4116 674 4166 με
692 4111 741 4164 pro
760 4095 790 4153 εί
802 4117 838 4166 με
855 4098 927 4165 libri,
946 4113 1015 4153 corr.
1033 4096 1135 4151 Jacobs
1220 4089 1353 4167 ἡγεῖσθαι
1371 4095 1440 4162 libri,

187 4195 255 4236 corr.
279 4180 386 4235 Selden.
410 4180 540 4235 fortasse:
566 4182 610 4252 ε<ί
626 4181 801 4250 δαιμο>νά<ν
800 4181 814 4251 >
785 4202 868 4248 νμε
891 4178 934 4253 ήγ.
1027 4176 1124 4254 τίερά
1147 4181 1178 4234 Μ
1195 4183 1272 4248 (mrg.
1291 4181 1372 4250 vulg.)

188 4259 296 4337 ῦπαρ
316 4260 411 4322 αύτων
428 4262 540 4323 τούτων
557 4266 627 4335 libri,
647 4283 716 4322 corr
735 4268 836 4322 Jacobs
905 4262 1086 4340 ουμβολήνΒ
1141 4271 1172 4320 10
1190 4262 1224 4323 τὸ
1244 4282 1296 4321 om
1315 4267 1389 4323 UBT

187 4346 421 4437 συμβουλεύοντα
439 4352 470 4405 Μ
557 4357 666 4408 11των
684 4353 726 4407 bis
744 4353 842 4408 scrU
913 4348 983 4406 12¹¹
963 4374 1000 4410 αν
1017 4352 1046 4405 Μ
1123 4347 1189 4406 14¹
1172 4372 1266 4423 εχοιτε
1283 4351 1353 4418 libri,
1371 4367 1440 4407 corr.

186 4416 268 4506 Emp.
324 4430 392 4491 18’
374 4447 487 4508 αναιρεῖ
503 4457 535 4495 τε
552 4439 601 4494 UB
671 4435 766 4494 15έπο
785 4437 814 4490 Μ
832 4452 867 4490 m.
885 4452 926 4505 pr.
996 4431 1059 4492 30
1046 4441 1123 4508 ημᾱσ
1140 4437 1210 4504 libri,
1229 4453 1298 4493 corr.
1317 4437 1388 4494 Mor.

187 4525 221 4575 32
240 4518 392 4596 κράξασ”
372 4543 409 4581 αν
426 4521 497 4591 libri,
515 4539 584 4578 corr
604 4523 683 4592 Emp
753 4517 973 4594 προϊστάμενοσ
986 4523 1057 4589 libri,
1075 4538 1144 4581 corr.
1164 4523 1264 4579 Reiske
