3068 5160
213 293 252 351 36
671 289 795 346 ΒΙΟΝΙΒ
814 290 863 346 DE
882 290 1008 346 REGNO

163 471 199 531 11
214 466 256 528 ού
276 469 387 528 πάντα
413 461 573 548 σῴζεται,·
596 467 671 527 τίνα
695 463 731 527 δέ
753 463 880 545 μάλλον
903 468 1079 552 εὐφραίνει
1101 466 1142 528 τά
1166 466 1246 551 ἔργα
1269 475 1336 552 τῆς
1360 468 1486 553 ἀρετῆς

212 569 231 652 ἢ
262 570 320 630 τὸν
351 571 550 647 σύμπαντας
577 569 788 653 ἀνθρώπους
817 569 948 643 θεατάς
979 571 1036 632 καί
1063 571 1236 652 μάρτυρας
1265 569 1396 648 ἔχοντα
1428 578 1486 655 τῆς

213 670 318 731 αύτού
337 678 466 755 ψυχῆς
495 671 581 731 ὥστε
610 672 744 754 μήποτε
772 667 940 754 πράξαντι
968 668 1072 756 μηδὲν
1101 669 1174 732 οίόν
1202 690 1238 731 τε
1269 667 1415 747 λαθεῖν,
1449 673 1484 731 ού

211 768 339 851 μᾶλλον
367 773 386 855 ἢ
416 769 462 853 τῷ
491 768 575 856 ηλίφ
606 772 821 856 πορεύεσθαι
850 769 906 834 διδ
937 775 1092 847 σκότους·
1123 774 1235 833 πάντα
1265 772 1335 855 γὰρ
1371 769 1482 834 τάλλο

213 873 410 958 ἀναφαίνων
433 880 570 956 πρῶτον
593 874 712 935 ἐαυτὸν
735 871 953 937 ἐπιδείκνυσι.
1229 916 1232 922 -
1503 887 1513 934 ι

164 977 202 1038 12
298 971 381 1057 λέγω
411 972 447 1037 δέ
476 982 581 1037 ταῦτα
610 976 669 1035 οδκ
697 976 827 1056 ἀγνοῶν
849 977 902 1037 ότι
924 975 965 1035 τά
988 975 1139 1058 ῥηθέντα
1161 966 1305 1036 νύν’ύπ’
1335 977 1429 1054 ἐμοῦ
1452 979 1484 1038 ἐν

213 1072 348 1138 πλείονι
366 1079 474 1161 χρόνῳ
498 1078 621 1162 ἀνάγκη
649 1075 826 1159 λέγεσθαι·

297 1169 371 1238 ἀλλ’
398 1179 552 1239 οὐκέστι
575 1176 651 1253 δέος
673 1180 806 1263 μήποτε
829 1180 892 1260 ἐγὼ
919 1185 1015 1264 φανῶ
1039 1199 1073 1239 τι
1098 1174 1256 1260 κολακείᾳ
1281 1175 1406 1261 λέγων.
1449 1183 1484 1242 ού

163 1281 201 1343 13
212 1280 274 1364 γάρ
292 1277 405 1364 ὀλίγην
422 1277 499 1340 ούδέ
515 1281 550 1340 ἐν
567 1277 667 1361 όλίγφ
687 1283 795 1363 χρόνῳ
813 1276 942 1342 δέδωκα
958 1281 1107 1360 βάσανον
1122 1287 1181 1364 τῆς
1196 1275 1419 1364 ἐλευθερίας.
1455 1286 1485 1344 εί

213 1377 249 1442 δὲ
273 1383 336 1462 ἐγὼ
361 1385 528 1465 πρότερον
549 1387 620 1460 μέν,
651 1384 706 1443 ὅτε
730 1387 834 1443 πᾶσιν
857 1383 1038 1463 ἀναγκαῖον
1061 1377 1171 1442 ἐδόκει
1192 1378 1404 1463 ψεύδεσθαι
1428 1381 1483 1447 διά
1503 1395 1523 1444 1ο

214 1485 332 1569 φόβον,
354 1485 458 1563 μόνος
481 1479 663 1566 ἀληθεύειν
685 1480 845 1563 ἐτόλμων,
874 1485 931 1544 καί
953 1490 1057 1544 ταῦτα
1079 1479 1280 1544 κινδυνεύων
1302 1485 1399 1568 ὑπὲρ
1424 1493 1483 1570 τῆς

213 1593 331 1670 ψυχῆς,
355 1592 411 1646 νῦν
435 1581 481 1661 δέ,
504 1588 559 1647 ὅτε
583 1591 687 1647 πᾶσιν
703 1582 814 1662 ἔξεστι
829 1581 963 1670 τάληθῆ
981 1582 1096 1666 λέγειν,
1120 1581 1305 1667 ψεύδομαι,
1330 1583 1481 1670 μηδενός

211 1685 364 1749 κινδύνου
388 1693 624 1770 παρεστῶτος,
654 1687 712 1747 ούκ
735 1687 775 1747 ἀν
798 1683 923 1770 είδείην
947 1687 1022 1749 ούτε
1046 1687 1239 1771 παρρησίας
1270 1685 1353 1749 σότε
1380 1685 1480 1750 κολα-

164 1790 304 1862 14κείας
325 1791 451 1872 καιρόν.
507 1790 621 1850 καίτοι
644 1791 838 1868 σύμπαντες
868 1789 902 1848 σί
931 1790 1137 1871 πράττοντες
1160 1789 1274 1850 ὁτιοῦν
1297 1791 1440 1866 ἑκόντες
1460 1792 1478 1874 ἢ

178 1929 190 1941 ··
211 1893 391 1975 χρημάτων
420 1893 513 1951 ἕνεκα
544 1891 795 1974 πράττουσινῆ
828 1886 928 1974 δόξης
956 1891 975 1974 ἢ
1001 1884 1048 1951 δι’
1073 1887 1195 1974 ηδονην
1224 1909 1301 1952 τινα
1326 1887 1439 1977 ἀλλην
1460 1893 1478 1976 ἡ
1498 1903 1520 1954 1⁵

164 1989 336 2056 15λοιπδν
359 1990 456 2072 οἶμαι
480 1983 527 2053 δι’
553 1993 673 2078 ἀρετην
694 1993 751 2054 καί
773 1993 811 2052 τό
833 1988 935 2054 καλὸν
952 1993 1032 2054 αύτδ
1048 1999 1220 2072 τιμῶντες.
1258 1993 1326 2074 ἐγὼ
1346 1989 1386 2056 δέ
1399 1997 1477 2080 χρή-

211 2116 302 2173 ματα
324 2096 385 2173 μὲν
417 2091 531 2174 λαβεῖν
559 2083 644 2178 παρ’
677 2091 812 2168 οὐδενὸς
841 2095 984 2156 πώποτε
1006 2090 1153 2178 ηξίωσα,
1184 2089 1324 2156 πολλῶν
1358 2093 1477 2159 δοῦναι

213 2193 436 2276 βουλομένων,
459 2203 526 2257 τῶν
548 2198 697 2276 ἐμαυτοῦ
724 2193 760 2256 δέ
784 2191 905 2277 ὀλίγων
928 2197 1148 2280 ὑπαρχόντων
1178 2195 1216 2256 ού
1242 2198 1352 2275 μόνον
1376 2217 1475 2276 μετα-

164 2294 330 2370 16διδούς
352 2300 491 2380 ἑτέροις,
514 2294 599 2358 ἀλλά
621 2299 678 2358 καί
700 2298 832 2381 ῥίπτων
856 2299 1053 2381 φανήσομαι
1075 2294 1249 2371 πολλάκις.
1287 2295 1418 2386 ηδονήν
1441 2297 1517 2366 &aaa

214 2399 319 2460 ποίαν
341 2399 535 2482 ἐθηρώμην,
560 2400 664 2461 ὁπότε
686 2399 743 2460 καὶ
764 2405 830 2458 τῶν
852 2394 1003 2458 κολάκων
1019 2401 1054 2460 οί
1070 2406 1225 2484 φανερῶς
1240 2405 1474 2485 πεποιημένοι
1495 2414 1519 2463 ω

213 2504 329 2584 τέχνην
362 2502 485 2584 ταύτην
519 2497 741 2582 ὁμολογοῦσιν
771 2501 932 2560 ἁπάντων
961 2497 1164 2584 ἀηδέστερον
1192 2503 1231 2562 τὸ
1260 2499 1476 2578 κολακεύειν,·

216 2609 291 2676 πῶς
312 2603 374 2685 γάρ
397 2600 470 2687 ηδύ,
495 2594 541 2664 ἵν’
567 2599 669 2664 ἀλλον
693 2599 817 2674 ἀδίκως
840 2602 965 2684 ἐπαινῇ
986 2623 1054 2678 τις,
1085 2602 1185 2664 αὐτὸν
1208 2599 1351 2678 δικαίως
1375 2609 1474 2687 ψίγε-

169 2705 322 2778 monae,-
343 2706 399 2766 καί
420 2706 485 2789 μὴν
509 2702 585 2766 ούδὲ
609 2700 746 2779 ἔνδοξον
769 2700 846 2764 οὐδὲ
869 2700 970 2763 καλόν
994 2701 1082 2764 εἶναι
1105 2701 1202 2765 δοκεῖ
1214 2706 1253 2765 τό
1268 2701 1474 2781 κολακεύειν,

215 2807 268 2868 ἵνα
291 2815 391 2891 τιμῆς
413 2809 520 2868 ἕνεκεν
542 2807 561 2891 ἢ
587 2797 634 2867 δι’
661 2807 780 2889 ἀρετήν
809 2826 862 2878 τις
890 2811 989 2865 τοῦτο
1016 2802 1208 2889 ἐπιτηδεύῃ.
1254 2813 1380 2869 πασῶν
1401 2809 1473 2891 γάρ,

214 2908 260 2980 ὡς
283 2907 368 2980 ἔπος
390 2908 511 2984 εἰπεῖν,
534 2915 602 2970 τῶν
623 2913 747 2968 κακιῶν
771 2907 947 2990 αἰσχίστην
970 2927 1022 2979 τις
1044 2907 1085 2967 ἀν
1101 2907 1194 2990 εύροι
1209 2908 1269 2992 την
1282 2905 1471 2972 κολακείαν.
1491 2921 1515 2970 aa

163 3009 351 3090 18πρῶτον
378 3010 439 3088 μὲν
467 3009 529 3093 γάρ
558 3011 596 3070 τό
626 3005 806 3070 κάλλιστον
833 3010 889 3070 καὶ
919 3005 1133 3070 δικαιότατον
1163 3006 1383 3094 διαφθείρει,
1415 3014 1471 3073 τόν

213 3110 364 3184 ἔπαινον,
389 3111 475 3171 ὥστε
497 3114 616 3195 μηκέτι
640 3107 748 3172 δοκεῖν
772 3112 895 3171 πιστόν
917 3107 1002 3195 μηδὲ
1026 3107 1166 3195 ἀληθῶς
1187 3113 1395 3193 γιγνόμενον,
1417 3115 1472 3174 καὶ

213 3213 253 3270 τό
277 3229 312 3291 γε
337 3213 475 3274 πάντων
499 3209 702 3288 δεινότατον,
726 3212 766 3272 τά
790 3219 849 3296 της
879 3212 998 3296 ἀρετῆς
1021 3209 1161 3273 ἔπαθλα
1184 3221 1225 3297 τῇ
1246 3213 1348 3295 κακίᾳ
1372 3211 1469 3276 δίδω-

215 3328 278 3374 σιν.
324 3314 411 3374 ὥστε
445 3311 532 3376 πολύ
557 3319 670 3398 χεῖρον
702 3311 808 3397 δρῶσι
837 3320 904 3374 τῶν
931 3310 1207 3399 διαφθειρόντων
1235 3315 1274 3375 τό
1303 3317 1468 3396 νόμισμα·

214 3415 247 3476 οἱ
269 3416 331 3495 μὲν
353 3416 414 3500 γάρ
438 3417 595 3478 ύποπτον
618 3423 760 3477 ποιοῦσι
781 3417 819 3475 τό
842 3418 1000 3494 νόμισμα,
1032 3417 1066 3476 οἱ
1093 3413 1128 3477 δὲ
1156 3417 1215 3500 την
1244 3417 1366 3503 ἀρετην
1390 3420 1512 3480 dne-3⁰

300 3605 311 3653 1
332 3593 470 3671 εὐφρανεῖ
485 3599 561 3656 UBV
578 3597 728 3671 ἐμφανίζει
739 3598 805 3654 wil.
823 3598 888 3654 dub.
953 3604 968 3654 3
987 3596 1091 3656 ἑαυτοῦ
1107 3598 1155 3652 PY
1219 3595 1291 3669 μήτε
1307 3600 1400 3669 UBV3
1419 3617 1468 3657 om.

212 3685 298 3757 μηδὲν
315 3685 364 3740 UB
428 3689 510 3742 ύκαί
528 3684 602 3756 λέγω
619 3689 682 3749 (om.
701 3683 740 3749 δὲ)
758 3682 833 3738 UBV
901 3680 933 3740 ἐν
950 3683 1091 3740 onussv
1152 3676 1251 3740 Βάλλ’
1270 3677 1323 3742 οὐκ
1340 3681 1402 3744 ἔστι
1420 3691 1468 3740 etc.

212 3769 345 3839 quomodo
359 3785 421 3823 eum
432 3769 654 3824 antecedentibus
667 3768 838 3834 cohaereant,
850 3784 907 3823 non
915 3768 1040 3837 intellego
1093 3772 1124 3822 12
1136 3763 1244 3836 ἔξεστιν
1254 3771 1281 3826 U
1335 3775 1366 3825 13
1379 3791 1468 3844 παρη

213 3855 309 3921 σίαςΡ
363 3858 394 3909 14
409 3857 459 3910 καί
471 3857 568 3911 τοίνυν
579 3849 687 3919 πάντες
697 3853 768 3918 libri,
787 3869 857 3908 corr.
867 3853 968 3908 Reiske
1021 3859 1051 3908 15
1064 3849 1254 3926 πράττουσιΡ
1309 3860 1340 3911 17
1354 3860 1469 3913 πολλῶν·

212 3931 416 3997 όόὖνκαίΠΒ
471 3934 947 4010 19φανίσομαιλωοεε-ήσομαι)
1003 3943 1034 3993 20
1047 3933 1138 3996 ὁπότε
1147 3940 1227 4008 Emp.
1237 3932 1425 3998 δνιότανλίδεί

212 4023 256 4081 εἰσ
278 4040 328 4093 pro
352 4022 420 4081 οἱΡ
523 4027 554 4078 21
579 4016 756 4095 ἀηδέστατοι·
773 4022 874 4078 Reiake
963 4016 1144 4094 κολακεύειν,·
1167 4020 1257 4082 ἀλλον
1278 4023 1336 4096 γάρ
1360 4019 1468 4082 ἀόίκωσ

211 4106 338 4166 ἐπαινῶν
352 4127 398 4165 τισ
410 4102 502 4165 αύτὸσ
513 4110 627 4165 όίκαιοσ
645 4107 787 4180 ψέγεσθαι
799 4109 824 4162 V
835 4104 1016 4169 κολακεύειν;
1034 4113 1099 4166 πῶυ
1110 4107 1168 4184 γάρ
1184 4105 1234 4182 ἡδὺ
1251 4105 1342 4167 ἀλλον
1360 4105 1468 4168 άδίκωσ

212 4191 339 4252 ἐπαινεῖν
357 4188 396 4260 ὡς
413 4195 447 4259 (Β
461 4186 507 4261 δυ)
524 4188 561 4251 ἀν
577 4186 679 4272 ἀγαπᾷ
697 4187 787 4250 αὐτὸν
804 4195 924 4250 όικαίωσ
936 4193 1077 4266 ψέγεσθαι
1095 4194 1144 4250 UB
1206 4198 1238 4249 23
1257 4191 1375 4262 εὔδοξον
1392 4194 1418 4250 V

214 4271 294 4334 οὐδὲν
311 4274 466 4345 ἕνάοξονΡ
520 4282 553 4332 24
568 4297 616 4335 τισ
633 4295 685 4333 om.
703 4277 779 4334 UBV
836 4281 868 4331 25
887 4282 946 4335 τῶν
963 4279 1058 4334 om.V
1118 4298 1164 4336 τισ
1182 4296 1233 4334 om.
1252 4279 1327 4335 UBV
1383 4284 1467 4336 κολα-

212 4362 317 4418 κίανῐλ
368 4363 623 4436 26διαφθείρεινΡ
676 4367 707 4417 27
721 4358 889 4433 ἀληθὲσΠΒ
934 4361 963 4420 οἳ
974 4380 1024 4432 pro
1036 4367 1085 4420 καί
1096 4363 1144 4419 UB
1200 4368 1232 4419 28
1244 4360 1372 4422 όιόόασιν
1384 4365 1435 4421 UB

213 4451 245 4500 30
264 4444 293 4502 οἱ
309 4446 362 4515 μὲν
378 4442 434 4518 γάρ
453 4479 484 4487 -
504 4443 629 4516 νόμισμα
649 4463 700 4502 om.
719 4447 768 4502 UB
833 4443 957 4505 ἀπιστον
973 4444 1163 4520 ἐργαζόμενοι
1181 4449 1231 4504 UB
