3068 5160
572 342 708 399 ORATIO
726 343 839 399 XXXII.
1272 344 1333 404 279

77 509 161 580 καθ’
188 520 309 593 αύτούς
330 521 387 580 καί
409 515 514 580 τάλλα
539 520 759 601 πράττοντες·
783 519 863 578 όταν
887 514 922 578 δέ
946 520 996 592 είς
1010 521 1049 580 τό
1065 519 1214 604 θέατρον
1228 516 1334 580 εἰσέλ-

78 622 191 682 θωσιν
213 621 233 697 ή
256 623 294 682 τό
320 618 474 697 στάδιον,
506 621 621 703 ὥσπερ
647 621 833 704 φαρμάκων
856 620 972 693 αύτοῖς
994 621 1067 682 ἐκεῖ
1083 625 1335 703 κατορωρυγμέ-

80 743 156 798 νων,
180 719 275 783 οάδέν
300 719 415 784 οἴδασι
437 729 504 784 τῶν
528 726 703 805 προτέρων
727 718 803 783 οὐδὲ
827 722 1044 800 αἰσχύνονται
1060 718 1167 804 λέγειν
1184 724 1203 806 ή
1221 727 1334 784 ποιεῖν

80 827 143 900 ό,τι
159 825 198 884 ἀν
215 825 331 898 αὐτοῖς
353 822 497 908 ἐπέλθῃ.
535 826 573 886 τό
599 821 634 885 δὲ
657 825 795 885 πάντων
810 820 1062 902 χαλεπώτατον,
1086 820 1335 898 ἐσπουδακότες
1346 826 1386 886 42

40 935 54 984 ό
77 928 156 1010 περὶ
178 929 237 1012 τήν
259 927 346 988 θέαν
370 927 429 1005 ούχ
452 929 558 1010 όρῶσι
580 927 636 987 καὶ
658 926 791 988 ἀκούειν
807 921 985 1000 ἐθέλοντες
1002 926 1060 987 ούκ
1075 927 1245 1002 ἀκούουσι,
1271 944 1330 987 σα-

78 1033 151 1112 φῶς
179 1024 392 1112 ἐξεστηκότες
419 1030 476 1091 καὶ
502 1035 767 1111 παρανοοῦντες,
798 1029 855 1089 ούκ
877 1025 997 1112 ἄνδρες
1018 1031 1136 1108 μόνον,
1167 1024 1252 1088 ἀλλά
1275 1030 1331 1091 καί

76 1127 199 1203 παῖδες
213 1131 269 1192 καί
283 1133 413 1212 γύναια.
450 1127 592 1192 ἐπειδάν
608 1127 644 1191 δέ
661 1132 835 1213 παύσηται
852 1131 890 1190 τό
915 1126 1025 1191 δεινόν
1046 1131 1104 1191 καί
1126 1125 1330 1205 διαλυθῶσι,

76 1233 114 1293 τό
136 1233 197 1311 μὲν
221 1234 442 1316 ἀκμαιότερον
465 1233 625 1312 ἔσβεσται
646 1240 705 1316 τής
727 1240 889 1316 ταραχῆς·
919 1229 1029 1294 ἔτιδὲ
1056 1232 1091 1292 έν
1113 1251 1150 1293 τε
1175 1228 1330 1305 συνόδοις

76 1334 132 1395 καὶ
156 1340 344 1409 στενωποῖς
366 1339 460 1414 μένει
481 1336 537 1396 καί
560 1325 607 1396 δι’
633 1330 712 1418 όλης
735 1341 794 1416 τῆς
817 1329 951 1408 πόλεως
972 1334 1032 1395 ἐπὶ
1050 1332 1170 1411 συχνάς
1185 1336 1330 1416 ήμέρας·

25 1442 55 1495 10
74 1436 236 1519 καθάπερ
265 1438 469 1520 ἐμπρησμοῦ
495 1433 641 1518 μεγάλου
672 1432 833 1519 λήξαντος
863 1432 949 1497 ἰδεῖν
977 1436 1051 1496 ἔστι
1079 1439 1178 1514 μέχρι
1200 1431 1332 1496 πολλοῦ

77 1538 136 1621 τήν
159 1558 195 1599 τε
219 1534 329 1618 λιγνύν
351 1539 408 1599 καί
428 1542 512 1622 μέρη
536 1538 612 1600 τινά
637 1533 836 1622 φλεγόμενα.
873 1539 987 1599 καίτοι
1001 1539 1086 1616 τάχα
1102 1538 1177 1619 ἐρεῖ
1187 1557 1240 1610 τις
1262 1543 1329 1598 τῶν
1341 1538 1381 1600 43

76 1639 221 1722 Περσῶν
242 1640 261 1723 ή
284 1646 352 1701 τῶν
374 1641 567 1723 Βακτρίων,
591 1641 637 1714 ὡς
661 1640 758 1700 αύτολ
779 1640 840 1718 μέν
864 1638 979 1701 ἴσασιν
1003 1639 1163 1700 ἱππεύειν
1184 1640 1241 1700 καὶ
1265 1655 1335 1718 σχε-

79 1736 137 1801 δόν
160 1742 297 1824 ἀριστοι
320 1738 477 1804 δοκοῦσιν
501 1744 639 1816 ἱππεῖς·
662 1743 701 1802 τό
720 1743 782 1825 γάρ
800 1748 938 1824 πρᾶγμα
954 1741 1040 1823 ύπέρ
1058 1741 1160 1825 ἀρχῆς
1174 1742 1231 1802 καί
1246 1736 1335 1802 ἐλευ·

77 1842 200 1924 θερίας
223 1840 498 1927 ἐπιτηδεύουσιν·
523 1835 599 1905 ἀλλ’
624 1847 715 1922 όμως
739 1839 835 1903 οὐδὲν
857 1849 1012 1903 τοιοῦτον
1035 1832 1121 1922 [οὐδ’
1140 1841 1185 1902 αδ
1204 1837 1334 1925 όμοιον]

29 1953 58 2004 15
79 1945 318 2005 πεπόνθασιν·
340 1947 436 2023 ὑμεῖς
460 1942 495 2007 δέ
520 1943 744 2007 οὐδεπώποτε
767 1945 864 2005 αὐτοὶ
877 1944 1037 2024 θιγόντες
1053 1933 1127 2003 οῦδ)
1154 1945 1335 2024 ἐπιβάντες

77 2046 196 2105 ἵππων
220 2047 257 2105 ού
282 2042 432 2108 δύνασθε
454 2051 604 2125 κατέχειν
627 2048 759 2121 αὐτούς,
783 2036 858 2105 ἀλλ’
884 2046 959 2106 ἐστὲ
976 2047 1091 2123 όμοιοι
1102 2041 1228 2122 χωλοῖς
1249 2047 1334 2128 ὑπὲρ

78 2141 204 2225 δρόμου
220 2141 396 2229 ἐρίζουσιν.
442 2155 621 2230 τοιγαροῦν
638 2144 745 2209 δειλοί
767 2149 860 2220 όντες
881 2148 938 2208 καί
960 2147 1182 2229 ἀστράτευτοι
1206 2143 1336 2220 πολλὰς

78 2241 140 2329 ήδη
165 2249 353 2332 νενικήκατε
378 2251 603 2330 ἱππομαχίας.
729 2254 887 2310 σκοπεῖτε
911 2245 946 2309 δέ
969 2250 1013 2333 μή
1039 2250 1119 2331 περὶ
1140 2250 1233 2328 ὑμῶν
1256 2246 1335 2332 ἀλη-
1345 2252 1386 2310 44

78 2348 245 2432 θέστερον
269 2348 364 2412 οῦτοι
388 2347 529 2433 λέγωσιν
551 2353 570 2436 ἢ
595 2353 675 2436 περὶ
697 2342 939 2434 τῶνἙλλήνων
958 2340 1159 2435 Ἀνάχαρσιν
1181 2353 1239 2412 τόν
1254 2353 1335 2412 Σκό-

28 2463 57 2512 20
79 2450 148 2533 θην
179 2453 283 2535 φασίν
312 2454 439 2515 εἰπεῖν·
469 2451 579 2515 ἐδόκει
606 2455 668 2534 μέν
696 2453 759 2535 γάρ
782 2452 960 2514 εἶναιτῶν
984 2459 1119 2537 σοφῶν·
1148 2452 1204 2537 ήκε
1228 2449 1263 2513 δέ
1287 2454 1336 2526 είς

79 2553 138 2635 τήν
158 2543 297 2614 Ἑλλάδα
325 2554 538 2635 θεασόμενος
567 2554 665 2635 οἶμαι
694 2557 736 2615 τά
765 2575 801 2615 τε
830 2554 895 2637 έθη
925 2554 982 2614 καὶ
1009 2555 1088 2627 τούς
1111 2555 1334 2638 ἀνθρώπους·

79 2649 189 2734 ἔλεγεν
213 2655 271 2717 οῦν
293 2657 339 2730 ὡς
363 2658 456 2719 ἐστιν
478 2659 513 2720 ἐν
536 2660 658 2756 έκάσγη
676 2653 778 2718 πόλει
795 2647 1035 2740 τῶνἙλλήνων
1052 2653 1335 2737 ἀποδεδειγμένον

74 2757 211 2838 χωρίον,
234 2759 269 2819 ἐν
293 2750 515 2840 ᾦμαίνονται
533 2750 618 2820 καθ’
637 2763 774 2842 ήμέραν,
798 2759 836 2818 τό
851 2760 1035 2838 γυμνάσιον
1053 2754 1172 2839 λέγων·
1195 2756 1335 2820 ἐπειδάν
1406 2754 1408 2761 ’

76 2858 138 2941 γάρ
155 2855 315 2933 ἐλθόντες
331 2858 585 2936 ἀποδύσωνται,
597 2861 753 2944 χρίονται
770 2861 945 2944 φαρμάκῳ.
983 2867 1081 2920 τοῦτο
1099 2857 1135 2921 δὲ
1151 2861 1216 2944 ἐφη
1232 2866 1336 2922 κινεῖν

27 2972 56 3020 25
79 2960 195 3032 αύτοῖς
216 2962 276 3044 τήν
298 2963 430 3040 μανίαν.
477 2963 582 3036 εύθύς
605 2963 667 3045 γάρ
692 2963 726 3022 οἱ
748 2962 808 3040 μὲν
830 2965 1021 3044 τρέχουσιν,
1052 2963 1085 3022 οὶ
1112 2958 1147 3022 δέ
1168 2958 1335 3042 καταβάλ-

80 3056 194 3121 λουσιν
218 3058 398 3146 ἀλλήλους,
429 3065 463 3124 οό
486 3060 521 3125 δέ
544 3065 592 3124 τὼ
612 3068 704 3146 χεῖρε
728 3064 962 3136 ἀνατείναντες
983 3065 1148 3142 μάχονται
1171 3065 1258 3147 πρός
1282 3064 1334 3124 ού-

10 3175 66 3226 υΜι
81 3155 158 3220 δένα
183 3163 389 3246 ἀνθρώπων,
414 3166 446 3225 οἱ
470 3161 505 3226 δέ
530 3166 702 3226 παίονται.
741 3171 845 3225 ταῦτα
870 3161 905 3225 δέ
925 3167 1139 3250 ποιήσαντες,
1163 3162 1336 3241 ἀποξυσά-

77 3281 175 3339 μενοι
207 3266 245 3324 τό
277 3267 454 3349 φάρμακον
484 3267 602 3328 αύτίκα
627 3273 860 3351 σωφρονοῦσι,
888 3268 945 3328 καὶ
968 3264 1111 3351 φιλικῶς
1135 3268 1250 3340 αὐτοῖς
1271 3263 1334 3350 ήδη

77 3364 209 3441 ἔχοντες
231 3361 409 3446 βαδίζουσι
430 3371 521 3429 κάτω
546 3370 698 3451 όρῶντες,
723 3369 960 3447 αἰσχυνόμενοι
982 3373 1055 3442 τοῖς
1071 3373 1334 3453 πεπραγμένοις.

25 3481 54 3531 30
76 3467 202 3542 ἐκεῖνος
223 3470 284 3548 μέν
307 3464 439 3545 παίζων
461 3472 518 3532 καὶ
539 3467 730 3552 καταγελῶν
755 3471 792 3531 ού
817 3465 948 3554 φαύλου
965 3472 1172 3552 πράγματος,
1197 3473 1243 3544 ὡς
1266 3471 1374 3551 ἐγώ45

76 3565 173 3646 δοκῶ,
196 3579 301 3632 ταῦτα
318 3568 437 3653 ἔλεγεν.
482 3574 562 3655 περὶ
579 3569 614 3633 δέ
633 3574 726 3651 ὑμῶν
748 3573 784 3633 τί
805 3574 846 3633 άν
868 3592 921 3645 τις
943 3572 1015 3650 ἔχοι
1038 3568 1144 3652 λέγειν
1152 3594 1163 3646 ;
1190 3573 1247 3634 καί
1268 3573 1330 3655 γάρ

74 3672 169 3749 ὑμεῖς
193 3675 273 3734 όταν
290 3670 485 3757 συνέλθητε,
509 3677 699 3750 πυκτεύετε,
722 3675 835 3754 βοᾶτε,
858 3675 1021 3757 ῥιπτεῖτε,
1045 3673 1215 3756 ὀρχεῖσθε,
1239 3674 1329 3753 ποίῳ

72 3776 272 3855 χρισάμενοι
300 3778 465 3859 φαρμάκῳ
473 3797 485 3851 ,·
515 3773 615 3861 δήλου
644 3778 697 3838 ότι
726 3773 774 3856 τῷ
801 3783 860 3860 τής
883 3775 1016 3849 ἀνοίας·
1040 3777 1087 3848 ῶς
1111 3775 1168 3835 ούκ
1189 3770 1229 3858 ήν
1252 3775 1330 3852 ύμῖν

162 3995 171 4043 l
191 3983 264 4046 καθ’
282 3986 405 4048 ἑαυτοὺσ
422 3991 445 4044 Τ
533 3995 547 4045 8
565 3986 704 4062 ἐσβέσθαι
723 3989 753 4044 Μ
840 3989 1012 4045 scribendum
1029 3985 1063 4046 ἕν
1086 4009 1118 4047 τε
1140 3986 1266 4061 τριόδοις
1286 3993 1336 4046 καὶ

74 4084 233 4140 στενωποῖς
250 4080 281 4129 ut
298 4091 324 4144 p.
339 4079 399 4142 269,
419 4080 450 4130 15
469 4076 517 4138 (ita
534 4076 588 4130 iam
606 4075 737 4142 Cobetus)
830 4079 856 4128 11
886 4071 968 4146 μέρει
985 4074 1047 4140 UT,
1070 4074 1189 4130 fortasse
1212 4074 1336 4144 scripsit:

73 4162 120 4214 καί
141 4157 255 4233 ἐρείπια
278 4155 443 4231 φλεγόμενα
554 4163 584 4214 13
603 4158 694 4230 ἳππῆσ
711 4161 742 4214 Μ
847 4164 879 4214 14
898 4152 961 4216 οὐδ’
980 4150 1016 4216 αὖ
1040 4149 1145 4224 δμοιον
1168 4160 1267 4215 seclusi

75 4249 104 4299 17
122 4243 248 4318 ἐρίζουσι
267 4245 315 4300 ΒΤ
389 4249 421 4299 19
439 4243 570 4316 λέγουσιν
587 4244 658 4310 libri,
677 4259 747 4300 corr.
766 4243 869 4299 Reiske
938 4246 970 4297 22
989 4237 1238 4317 ἀποδεδειγμένων
1254 4245 1285 4300 Μ

72 4335 105 4383 24
126 4333 276 4401 χρείονται
299 4330 330 4385 Μ
352 4345 386 4384 m.
409 4345 451 4399 pr.
564 4332 595 4382 31
616 4323 695 4400 ἔλεγε
715 4328 755 4382 Τ’
851 4333 884 4384 33
900 4323 1086 4402 χρεισάμενοι
1107 4329 1138 4384 Μ
1157 4327 1335 4404 χρησόμενοι

71 4413 160 4499 UBT.
243 4412 278 4472 τὸ
297 4429 347 4485 pro
365 4419 407 4488 τῷ
424 4415 472 4470 UT
560 4408 603 4470 ὡσ
621 4407 674 4471 ούκ
691 4405 726 4485 ήν
744 4418 886 4483 corrupta3
905 4413 970 4469 fort.
988 4415 1084 4470 καίτοι
1102 4412 1167 4486 ἐξῆν
1184 4416 1226 4471 vel
1244 4418 1274 4473 τί
1292 4417 1334 4482 όέ;

73 4518 125 4554 ουκ
141 4519 222 4569 ην-
236 4520 325 4570 οραν,·
