3068 5160
218 284 256 342 18
678 279 802 336 DIONIS
820 279 871 334 DE
888 278 1015 335 REGNO

219 459 304 543 φησί
320 452 504 542 φιλεῖσθαι
519 457 587 518 ὑπὸ
610 462 677 517 τῶν
692 456 854 531 Μουσῶν,
877 457 950 528 τοῖς
973 449 1008 514 δέ
1031 455 1165 515 τέκτοσι
1186 448 1278 531 μάλα
1301 451 1484 535 ἐμπείρως

218 563 385 645 παραινεῖ
403 555 545 643 πηλίκον
557 559 619 642 χρη
636 558 694 617 τὸν
710 553 813 632 ἀξονα
830 559 952 634 τεμεῖν,
974 556 1031 616 καί
1045 558 1118 628 τοῖς
1132 557 1305 637 γεωργοῖς,
1331 554 1485 638 ὁπηνίκα

177 663 197 725 9
220 657 396 744 ἄρξασθαι
407 660 528 720 πίθου.
564 660 607 719 Τί
619 658 676 720 σύν
684 680 697 734 ,·
713 659 784 737 ούχὶ
795 664 900 718 ταῦτα
908 658 1068 741 χρήσιμα,
1082 657 1158 741 ἔφη,
1174 659 1247 729 τοῖς
1259 654 1484 738 ἀνθρώποις,

218 765 237 823 ό
261 758 457 836 Φίλιππος;
490 759 558 839 Ούχ
578 764 659 845 ημῖν
680 778 736 842 γε,
765 757 871 835 εἶπεν,
901 756 1075 842 ὦπάτερ,
1099 753 1175 818 ούδέ
1198 753 1391 818 Μακεδόσι
1414 760 1487 830 τοῖς

218 870 284 940 νύν,
308 859 394 923 ἀλλά
418 866 491 936 τοῖς
514 864 691 945 πρότερον,
714 861 810 946 ηνίκα
826 865 983 939 νέμοντες
997 861 1053 921 καί
1068 865 1291 944 γεωργοῦντες
1303 849 1489 942 Ἰλλυριοῖς
1504 866 1516 916 1

218 963 394 1027 ἐδούλευον
415 965 472 1025 καί
496 960 709 1047 Τριβαλλοῖς.
758 958 845 1024 Ούδέ
874 961 915 1022 τά
945 963 1024 1045 περὶ
1054 963 1112 1022 τὸν
1136 963 1282 1042 σπόρον,
1313 960 1410 1045 ἔφη,
1434 960 1532 1024 καλου

219 1069 276 1129 τόν
299 1067 437 1151 ἀμητόν,
461 1061 685 1140 όΦίλιππος,
709 1064 844 1146 ἀρέσκει
867 1079 923 1125 σοι
944 1069 1006 1123 τού
1022 1053 1182 1125 Ἠσιόδου
1204 1058 1488 1147 μεγαλοπρεπῶς

220 1171 326 1244 οὕτως
348 1170 505 1252 εἰρημένα
512 1188 523 1240 ,·

372 1262 559 1351 Πληιάδων
578 1257 802 1347 Ἀτλαγενέων
827 1261 1119 1344 ἐπιτελλομενάων

375 1358 519 1453 ἄρχεσθ’
545 1367 684 1449 άμητού,
708 1369 846 1451 ἀρότοιο
871 1363 906 1427 δέ
931 1363 1155 1445 δυσομενάων.
1507 1375 1526 1426 11

172 1467 318 1536 1οΠολύ
341 1489 377 1551 γε
399 1465 537 1549 μᾶλλον,
562 1466 658 1530 εἶπεν
681 1459 947 1551 δἈλέξανδρος,
976 1467 1018 1526 τὰ
1041 1454 1125 1550 παρ’
1147 1457 1278 1550 Ὁμήρῳ
1304 1469 1487 1552 γεωργικά.

220 1574 290 1634 Καὶ
312 1580 383 1633 ποῦ
403 1572 483 1655 περὶ
504 1571 667 1654 γεωργίας
689 1568 818 1655 εἴρηκεν
833 1562 999 1654 Ὅμηρος·
1020 1570 1119 1652 ἤρετο
1143 1570 1162 1628 ό
1180 1563 1378 1644 Φίλιππος,
1404 1569 1426 1653 ἢ
1449 1568 1488 1629 τά

221 1675 255 1736 έν
278 1680 319 1757 τῇ
342 1671 467 1735 ἀσπίδι
487 1674 665 1757 μιμήματα
690 1668 796 1752 λέγεις
818 1677 885 1732 τῶν
915 1671 1086 1754 ἀρούντων
1114 1670 1171 1731 καὶ
1192 1662 1413 1752 θεριζόντων
1435 1670 1489 1731 καί

220 1777 435 1860 τρυγώντων,
457 1766 604 1836 Ἥκιστά
634 1794 686 1856 γε,
716 1771 812 1834 εἶπεν
842 1762 1114 1857 δἈλέξανδρος,
1145 1767 1229 1832 ἀλλὰ
1256 1771 1375 1832 ἐκεῖνα
1401 1768 1488 1833 πολύ

220 1874 363 1958 μᾶλλον·
1508 1882 1528 1933 11

375 1980 410 2040 οί
432 1970 465 2039 δ’
493 1966 575 2039 ὥστ’
602 1978 769 2062 ἀμητῆρες
792 1977 941 2038 ἐναντίοι
963 1972 1160 2060 ἀλλήλοισιν

377 2081 479 2160 όγμον
502 2075 687 2141 ἐλαύνωσιν
710 2074 832 2161 ἀνδρὸς
853 2079 1004 2161 μάκαρος
1025 2069 1102 2138 κατ’
1128 2079 1275 2160 ἀρουραν

379 2187 495 2265 πυρῶν
516 2181 536 2264 ἢ
560 2180 707 2264 κριθῶν*
730 2179 772 2240 τά
797 2176 832 2240 δὲ
857 2175 1030 2262 δράγματα
1054 2183 1186 2264 ταρφέα
1210 2179 1357 2241 πίπτει·

379 2283 425 2355 ὣς
450 2285 564 2365 Τρῶες
584 2283 641 2342 καί
659 2273 791 2358 Ἀχαιοί
812 2271 871 2340 ἐπ’
896 2277 1074 2365 ἀλλήλοισι
1096 2281 1261 2364 θορόντες

379 2380 490 2466 δῄουν,
515 2374 588 2443 οὐδ’
615 2385 725 2466 έτεροι
746 2372 892 2460 μνώοντ’
918 2378 1032 2443 ὀλοοῖο
1057 2382 1192 2467 φόβοιο.
1507 2387 1529 2438 11

177 2490 212 2549 11
228 2488 342 2546 Ταῦτα
365 2488 482 2564 μέντοι
504 2490 615 2545 ποιῶν
636 2475 784 2567 Ὅμηρος
805 2486 929 2567 ηττᾶτο
951 2484 1019 2544 ὑπὸ
1046 2475 1225 2560 Ἡσιόδου,
1253 2485 1272 2544 ό
1301 2479 1488 2556 Φίλιππος

225 2585 337 2648 εἶπεν·
360 2587 379 2671 ἢ
405 2586 463 2647 οὐκ
485 2587 629 2670 ἀκήκοας
654 2587 693 2646 τὸ
722 2585 919 2669 ἐπίγραμμα
947 2587 985 2646 τό
1009 2586 1044 2647 ἐν
1063 2577 1212 2647 Ἑλικῶνι
1240 2585 1300 2646 ἐπὶ
1331 2591 1398 2645 τοῦ
1419 2583 1487 2668 τρί-

225 2685 349 2763 ποδος·
1123 2715 1129 2724 ·

373 2781 536 2862 Ἡσίοδος
559 2789 721 2860 Μούσαις
740 2777 926 2849 Ἑλικωνίσι
947 2779 1040 2850 τόνδ’
1066 2789 1231 2873 ἀνέθηκεν

378 2893 469 2971 ύμνην
493 2890 631 2973 νικήσας
654 2890 689 2949 έν
711 2885 860 2950 Χαλκίδι
882 2891 981 2952 θεῖον
996 2883 1143 2975 Ὅμηρον
1150 2913 1163 2966 ,·
1505 2893 1528 2944 ό

179 2994 298 3057 12Καί
319 2987 410 3070 μάλα
435 2988 582 3066 δικαίως,
606 2987 702 3051 εἷπεν
726 2981 991 3075 δἈλέξανδρος,
1014 2996 1155 3076 ηττοῖτο·
1180 2992 1217 3053 ού
1239 2992 1302 3076 γάρ
1325 2992 1363 3052 ἐν
1386 2991 1484 3072 βασι-

227 3092 339 3156 λεύσιν
368 3087 564 3176 ἠγωνίζετο,
594 3083 670 3152 ἀλλ’
695 3093 731 3153 ἐν
759 3098 919 3176 γεωργοῖς
940 3095 997 3155 καὶ
1023 3090 1193 3170 ἰδιώταις,
1222 3089 1352 3172 μᾶλλον
1383 3088 1421 3152 δέ
1451 3093 1484 3152 ἐν

227 3194 430 3276 ἀνθρώποις
464 3189 663 3278 φιληδόνοις
694 3195 750 3256 καὶ
782 3191 955 3273 μαλακοῖς.
1011 3200 1189 3278 τοιγαροῦν
1221 3195 1372 3278 ημύνατο
1406 3193 1485 3266 τούς

227 3296 376 3375 Εύβοέας
411 3290 467 3356 διά
501 3303 560 3381 της
591 3297 763 3380 ποιήσεως
785 3289 941 3381 Ὅμηρος.
992 3297 1094 3371 Πώς;
1121 3296 1220 3380 ἤρετο
1248 3295 1439 3375 θαυμάσας
1468 3294 1486 3354 δ

230 3393 417 3470 Φίλιππος.
449 3388 524 3458 Ὅτι
545 3400 669 3477 μόνους
692 3399 813 3473 αύτούς
828 3407 895 3460 τῶν
907 3390 1068 3482 Ἑλλήνων
1090 3401 1296 3481 περιέκειρεν
1314 3395 1485 3476 αἴσχιστα,
1505 3401 1529 3453 ε]

227 3505 330 3579 κομᾶν
354 3498 502 3560 όπισθεν
534 3499 635 3584 ἀφεὶς
666 3500 781 3584 ὥσπερ
806 3501 840 3560 οί
869 3507 925 3561 νύν
947 3500 1026 3572 τούς
1055 3495 1184 3572 παῖδας
1211 3500 1290 3573 τούς
1318 3495 1483 3574 ἁπαλούς.

231 3642 1136 3649 ——--.—————-—-——..—-——-——.--

315 3718 327 3767 1
346 3709 497 3782 ἐμπείρου
514 3711 535 3765 Ρ
640 3714 655 3763 2
672 3711 737 3766 Hes.
755 3711 806 3780 ορ.
824 3714 853 3766 α
868 3712 902 3765 D.
922 3715 981 3772 368,
1001 3715 1097 3781 ουτος.
1185 3717 1200 3766 3
1216 3703 1389 3784 χρήσημαε

230 3804 244 3852 5
263 3801 331 3870 πρὶν
348 3812 398 3864 pro
416 3798 467 3851 νῦν
484 3794 521 3848 W
601 3794 739 3870 ίλλυρίοισ
756 3796 782 3850 V
868 3799 883 3849 9
902 3789 1092 3868 ἀτλαιγενέων
1108 3796 1134 3853 V
1152 3789 1340 3868 οἷτλαγενᾶων
1356 3795 1418 3850 PVV

229 3870 496 3950 περιτελλομενάων
512 3879 538 3934 V
608 3880 658 3949 Op.
677 3885 704 3935 et
720 3881 756 3935 D.
775 3884 824 3935 383
896 3885 926 3935 10
945 3874 1064 3955 άρχεστ’
1082 3881 1108 3935 V
1182 3876 1304 3952 ἀμήτοιο
1323 3880 1400 3936 UBV
1417 3873 1485 3951 οἴμη-

228 4010 292 4058 τοῖο
311 3999 370 4052 PW
476 4017 508 4053 τε
530 4013 580 4066 pro
605 3998 676 4054 δεῖ
779 3995 944 4068 δυομενοὶων
965 4000 991 4055 V
1014 3995 1219 4068 δυσσομενάων
1236 3999 1272 4052 W
1376 4003 1409 4053 12
1427 3984 1485 4069 εἷ’δε

228 4085 300 4147 (υἱώ)
319 4083 340 4136 Ρ
429 4085 461 4135 14
478 4079 572 4138 έκεῖνο
590 4083 664 4138 UBV
752 4087 783 4137 16
801 4085 881 4139 Hom.
905 4084 936 4137 Il.
955 4089 982 4141 Λ
1000 4088 1032 4136 61
1040 4100 1081 4153 sq.
1178 4089 1209 4138 17
1232 4079 1402 4141 ἐλαύνουσιν
1423 4082 1486 4137 libri

229 4169 358 4238 plerique,
377 4162 549 4224 έλαύνουτεσ
567 4168 592 4222 V
675 4171 705 4221 18
723 4164 755 4239 δὴ
773 4185 823 4236 pro
841 4169 871 4224 δὲ
888 4169 914 4223 V
995 4172 1026 4222 20
1045 4165 1155 4242 φόβοιο
1172 4169 1194 4223 Ρ
1275 4173 1305 4222 21
1325 4184 1376 4238 pro
1396 4172 1485 4225 ταῦτα

230 4254 358 4318 exspecto
377 4254 497 4308 τοιαῦτα
567 4242 693 4324 ’Όμηροσ
710 4256 804 4308 παιών
821 4253 883 4317 (hoc
901 4253 968 4320 ord.)
988 4253 1035 4308 ΠΒ
1115 4254 1168 4324 μὲν
1184 4269 1235 4324 pro
1252 4252 1352 4323 μέντοι
1369 4253 1419 4308 UB

232 4338 264 4388 22
282 4336 325 4389 τῶ
342 4331 404 4389 ένΡ
473 4330 508 4392 τὸ
527 4335 574 4392 ἐπί
592 4337 639 4391 UB
706 4329 880 4407 ἳύδμνονΡ
950 4343 983 4392 29
1002 4334 1137 4412 εἷ’ρετολ]
1206 4342 1238 4394 30
1251 4338 1330 4392 Hom.
1348 4339 1381 4394 Il.
1400 4339 1485 4394 13542

233 4418 269 4472 cf.
288 4433 327 4472 or.
346 4417 400 4472 VII
417 4420 463 4486 §4
541 4424 572 4474 31
591 4417 688 4492 φήσασ
704 4426 765 4491 (pro
784 4418 880 4492 άφείσ)
897 4422 957 4478 PW
