3068 5160
621 355 758 412 ORATIO
776 358 824 414 VI.
1310 358 1349 416 91

92 534 296 619 λογώτατον,
319 532 512 618 φοβεῖσθαι
533 535 594 612 μὲν
616 533 695 606 τούς
710 529 890 608 ἀνόπλους,
915 534 1088 594 πιστεύειν
1105 529 1140 594 δὲ
1157 534 1258 594 αὑτὸν
1274 538 1347 609 τοῖς

91 633 342 717 ὡπλισμένοις,
364 635 422 697 καὶ
445 632 685 719 διερευνᾶσθαι
707 635 768 713 μέν
791 636 870 708 τούς
894 636 1112 718 προσιόντας,
1135 636 1180 719 μη
1204 655 1257 708 τις
1280 635 1352 713 ἔχοι

96 736 252 824 σίδηρον,
282 740 432 819 ἐνμέσῳ
457 734 493 799 δέ
517 732 573 822 ζῆν
596 743 663 798 τῶν
687 733 1015 820 σιδηροφορούντων.
1062 738 1196 821 φεύγειν
1221 733 1256 797 δέ
1280 737 1358 827 ἀπό

10 844 157 923 mmm
178 847 247 903 τῶν
269 836 429 902 ἀνόπλων
452 841 540 924 πρὸς
561 843 640 914 τούς
662 836 913 917 ὡπλισμένους,
936 839 1006 899 ἀπό
1030 834 1066 899 δέ
1089 845 1155 898 τῶν
1179 833 1352 917 ὡπλισμέ-

56 954 73 1005 ⁵
95 964 164 1007 νων
185 944 275 1026 πρὸς
297 943 376 1016 τούς
398 938 584 1016 ἀνόπλους·
615 943 685 1002 ἀπό
708 946 769 1020 μέν
791 960 827 1022 γε
850 948 912 1001 τοῦ
932 936 1089 1024 πλήθους
1113 936 1352 1023 φυλάττεσθαι

92 1050 168 1120 τοῖς
191 1041 407 1129 δορυφόροις,
435 1045 506 1104 ἀπό
530 1041 565 1104 δὲ
588 1050 655 1104 τῶν
678 1040 876 1126 δορυφόρων
900 1042 1078 1119 εὐνούχοις.
1125 1043 1182 1102 ούκ
1204 1043 1290 1120 ἔχειν
1315 1040 1350 1104 δὲ

93 1146 148 1221 οἷς
184 1147 226 1208 ἀν
254 1148 443 1219 πιστεύσας
472 1143 549 1207 οὐδὲ
578 1149 661 1208 όποι
689 1147 902 1226 τραπόμενος
932 1140 1110 1228 δυνήσεται
1139 1138 1238 1228 ζῆσαι
1268 1145 1350 1224 μίαν

91 1252 222 1334 ἡμέραν
251 1248 402 1332 ἀφόβως·
447 1248 651 1333 ὑφορᾶσθαι
680 1245 715 1309 δέ
744 1246 863 1308 καὶτὰ
889 1245 980 1306 σιτία
1002 1246 1118 1306 καὶτὸ
1143 1248 1266 1321 ποτόν,
1294 1247 1352 1308 καὶ
1363 1246 1402 1309 39
1519 1270 1521 1275 ·

92 1351 174 1425 τούς
202 1347 502 1433 προπειράσοντας
530 1357 635 1410 ταῦτα
666 1351 768 1428 ἔχειν,
799 1349 915 1429 ὥσπερ
945 1349 980 1408 ἐν
1011 1344 1078 1428 όδῴ
1103 1343 1276 1426 πολεμίων
1298 1366 1350 1428 γε-

42 1460 74 1515 Ιῦ
93 1453 206 1536 μούσῃ
234 1453 314 1525 τούς
337 1458 620 1535 προερευνῶντας.
666 1448 751 1512 ἀλλὰ
773 1447 857 1534 μηδὲ
881 1454 954 1522 τοῖς
977 1450 1174 1531 ἀναγκαίοις
1195 1449 1349 1533 θαρρεῖν,

92 1554 178 1639 μήτε
201 1554 305 1614 παισί
325 1555 409 1637 μήτε
431 1554 570 1634 γυναικί.
659 1555 766 1626 οὕτως
790 1550 825 1614 δέ
846 1549 1000 1630 χαλεποῦ
1021 1553 1116 1625 ὄντος
1139 1544 1222 1633 [τοῦ]
1245 1549 1350 1635 πρόγ-

93 1675 203 1737 ματος
224 1656 281 1716 καί
303 1651 485 1734 δυστυχοῦς
500 1663 560 1740 τῆς
574 1657 768 1738 μοναρχίας,
791 1652 876 1738 μηδὲ
894 1650 1132 1738 ἀπαλλαγῆναί
1147 1672 1232 1714 ποτε
1249 1654 1354 1714 αύτοῦ

93 1758 177 1842 μήτε
213 1752 404 1837 βούλεσθαι
431 1758 514 1841 μήτε
544 1754 725 1819 δύνασθαι.
775 1757 889 1817 καίτοι
918 1753 1030 1816 πάντα
1060 1757 1124 1816 ὅσα
1155 1752 1248 1816 δεινά
1277 1759 1351 1830 τοῖς
1362 1756 1403 1816 40

93 1859 300 1943 ἀνθρώποις
322 1859 550 1943 παραμυθίαν
572 1859 641 1937 ἔχει
662 1861 700 1920 τό
724 1860 822 1937 τυχόν
845 1858 885 1918 ἀν
909 1857 1117 1918 παύσασθαι
1141 1858 1259 1918 αὐτῶν.
1296 1859 1353 1919 καί

43 1969 73 2023 15
92 1961 157 2045 γὰρ
179 1963 276 2035 ὅστις
297 1961 366 2021 ὑπὸ
391 1957 523 2040 δεσμῶν
539 1961 659 2039 ἔχεται,
683 1957 859 2043 προσδοκᾷ
877 1978 962 2020 ποτε
978 1955 1134 2043 λυθῆναι,
1157 1960 1215 2020 καὶ
1228 1956 1275 2040 τῴ
1292 1961 1351 2043 τὴν

93 2059 247 2147 πατρίδα
272 2063 431 2147 φεύγοντι
453 2063 511 2124 ούκ
533 2060 698 2124 ἀδύνατον
720 2057 909 2136 κατελθεῖν,
932 2058 1058 2141 καὶτῷ
1081 2067 1237 2121 νοσοῦντι
1254 2065 1352 2143 μέχρι

93 2173 154 2251 τῆς
175 2161 333 2250 τελευτῆς
355 2165 448 2226 ἔστιν
471 2159 620 2240 ἐλπίζειν
643 2167 702 2249 την
725 2165 868 2246 ὑγίειαν·
892 2158 939 2243 τῷ
964 2158 1000 2222 δὲ
1017 2162 1075 2222 ούκ
1090 2163 1182 2224 ἐστιν
1199 2159 1352 2223 ἀπαλλα-

93 2274 195 2352 γηναι
216 2273 279 2327 τοῦ
299 2263 513 2350 πράγματος,
542 2258 618 2326 ἀλλ’
645 2257 717 2327 οὐδ’
743 2261 912 2341 εύξασθαι
933 2272 1028 2345 γοῦν,
1053 2266 1083 2326 εί
1104 2268 1149 2350 μη
1173 2287 1207 2326 τι
1229 2268 1351 2349 ἕτερον.

93 2370 193 2442 όσοις
209 2364 245 2429 δέ
262 2368 430 2429 ἀνιᾶσθαι
448 2369 632 2453 συμβέβηκε
647 2375 714 2431 τῶν
731 2365 840 2452 φίλων
856 2371 948 2442 τινὸς
964 2368 1215 2444 ἀποθανόντος,
1233 2373 1354 2452 σαφῶς

41 2476 73 2531 2)
92 2471 299 2532 ἐπίστανται
329 2473 383 2532 ότι
411 2473 604 2532 παύσονταί
638 2490 722 2533 ποτε
753 2468 960 2549 λυπούμενοι
995 2469 1042 2552 τῴ
1069 2473 1196 2554 χρόνῳ·
1231 2467 1279 2550 τῴ
1317 2466 1352 2531 δέ

93 2572 292 2634 τούναντίον
327 2575 534 2635 ἐπιτείνεται
569 2570 694 2653 μᾶλλον
724 2575 765 2635 τύ
791 2569 935 2652 χαλεπά.
987 2573 1025 2632 ού
1054 2570 1175 2656 ῥηίδιον
1203 2575 1264 2651 μέν
1290 2573 1352 2655 γὰρ
1364 2569 1402 2628 41

95 2672 203 2760 ἀνδρα
231 2680 377 2760 γηρᾶσαι
404 2677 581 2757 τύραννον,
607 2672 758 2754 χαλεπόν
788 2672 823 2736 δέ
853 2673 1014 2757 τυράννου
1043 2683 1161 2759 γῆρας,
1192 2666 1251 2752 οὐχ
1281 2673 1353 2734 οίον

96 2777 209 2839 ἵππου
238 2779 354 2862 φασίν.
400 2779 437 2837 οῖ
456 2798 491 2839 τε
514 2778 575 2861 γὰρ
600 2777 819 2850 πεπονθότες
841 2783 951 2850 κακῶς
974 2773 1113 2850 πλείους
1137 2777 1173 2836 οἵ
1192 2796 1228 2836 τε
1250 2795 1352 2835 κατα·
1456 2796 1461 2807 ·

97 2887 319 2964 φρονοῦντες·
343 2880 444 2953 αύτδς
468 2877 502 2940 δέ
526 2878 572 2960 τῷ
598 2882 731 2959 σώματι
752 2879 897 2964 βοηθεῖν
920 2875 1085 2953 ἀδύνατος
1102 2876 1201 2959 αύτῷ.
1241 2880 1353 2939 πάντα

43 2988 75 3043 z
95 2983 157 3062 μέν
184 2981 243 3042 οδν
265 2981 307 3042 τύ
331 2978 424 3043 δεινὰ
447 2986 578 3066 πέφυκε
599 2978 725 3062 μᾶλλον
741 2979 938 3065 ἐκπλήττειν
961 2983 1040 3055 τούς
1062 2977 1354 3063 προσδεχομένους

95 3083 118 3168 ἠ
148 3079 268 3144 λυπεῖν
296 3084 376 3157 τούς
404 3085 650 3168 πειραθέντας,
684 3085 741 3145 καί
767 3085 868 3145 πενία
890 3085 946 3145 καὶ
970 3085 1055 3169 φυγη
1079 3085 1136 3146 καί
1158 3080 1278 3163 δεσμοὶ
1298 3083 1355 3145 καὶ

96 3184 228 3265 ἀτιμία.
266 3192 329 3245 τοῦ
347 3185 501 3247 θανάτου
526 3183 561 3247 δέ
584 3183 620 3246 εἴ
637 3205 690 3259 τις
708 3182 833 3270 ἀφέλοι
848 3187 886 3245 τό
904 3183 991 3262 δέος,
1015 3183 1111 3248 ούδέν
1126 3182 1354 3248 ύπολείπεται

97 3282 273 3369 δυσχερές·
304 3287 341 3346 ού
369 3287 431 3371 γὰρ
459 3290 563 3367 μόνον
590 3288 690 3361 αὐτὸς
714 3288 771 3348 ούκ
794 3284 928 3366 ἐνοχλεῖ
945 3290 1024 3362 τούς
1047 3289 1245 3365 παθόντας,
1275 3278 1406 3348 ἀλλ’42

98 3385 196 3450 ούδέν
219 3388 271 3449 ἔτι
294 3384 489 3450 λυποῦνται.
528 3391 546 3449 ό
568 3385 603 3450 δέ
628 3389 737 3473 φόβος
753 3391 840 3450 ούτω
854 3386 1004 3467 χαλεπός
1019 3392 1112 3451 ἐστιν
1129 3392 1216 3453 ὥστε
1232 3387 1356 3452 πολλοὶ

185 3676 198 3726 1
218 3666 290 3730 τοὺσ
302 3665 488 3730 ἀνάπλουσῦ
565 3679 581 3728 2
598 3677 646 3730 καὶ
664 3677 864 3744 διερευνᾶσθαι
883 3705 912 3712 -
926 3669 997 3731 τοὺσ
1015 3669 1216 3743 ὦπλισμένουσ
1234 3690 1287 3729 om.
1305 3674 1355 3730 UB

96 3760 244 3828 διερευνᾶν
261 3757 304 3810 11¹
376 3753 605 3828 4δπλισμένους
624 3790 656 3798 -
674 3753 862 3829 ὡπλισμένον
879 3755 954 3832 πρὸς
971 3755 1039 3826 τοὺς
1056 3760 1153 3815 om.V
1216 3763 1356 3831 ῦχυρεῖν

96 3837 177 3913 πρδσ
194 3837 266 3900 τοὺσ
283 3836 434 3902 ἀνόπλουσ
450 3845 500 3900 UB
573 3839 630 3915 γὰρ
648 3860 698 3913 pro
716 3864 749 3916 γε
766 3844 817 3900 UB
897 3840 987 3917 ύέχει
1005 3846 1054 3900 UB
1136 3847 1221 3916 ἵζῆν
1237 3845 1287 3901 UB

95 3921 153 3985 κάν
169 3926 283 3996 μίανῩ
352 3925 440 3986 8τὸν
457 3927 594 3986 ποτὸνΠ
663 3927 955 4002 9προπειράσαντασ
972 3931 998 3986 V
1015 3925 1310 4004 προπειράτοντασΡ

96 4012 204 4067 malim:
222 4011 255 4070 ἐν
273 4007 333 4086 ὁδῷ
349 4014 404 4085 (δὲ)
421 4005 520 4085 δ’σπερ
532 4017 584 4070 etc.
597 4015 712 4069 traiecto
733 4006 832 4089 ὥσπερ
849 4021 914 4070 ante
925 4017 1073 4083 πολεμίων
1129 4021 1159 4071 11
1179 4019 1257 4072 παιδὶ
1278 4013 1302 4067 Y

98 4086 189 4154 ούτοσ
206 4098 233 4154 U
301 4102 355 4157 τοῦ
371 4099 471 4154 seclusi
540 4103 573 4152 14
590 4095 679 4171 τυχὸν
696 4093 921 4158 ἀναπαύσασθαι
938 4100 1013 4157 UBV
1084 4105 1115 4155 15
1134 4094 1203 4157 ποτ’
1222 4096 1259 4159 ἀν
1276 4099 1357 4154 Hert-

95 4180 153 4237 lein
222 4188 253 4239 17
271 4177 412 4256 ὓγειανλ
482 4188 513 4238 18
532 4177 597 4241 οὐδέ
613 4179 640 4256 γ>
658 4181 795 4252 εὔξασθαι
812 4185 887 4242 UBV
952 4190 984 4239 19
1003 4186 1224 4259 σομβέβηκενλί
1285 4177 1357 4241 ἀπο·

98 4271 265 4326 θανοῦντοσ
283 4269 305 4323 Ρ
386 4272 418 4323 20
436 4273 479 4344 τῷ
496 4269 526 4327 δὲ
543 4269 608 4324 Wil.
627 4278 689 4336 τοῖς
706 4270 736 4328 δὲ
752 4271 815 4325 libri
901 4274 931 4324 21
952 4268 1134 4344 ἐπιγίνεσθαι
1150 4270 1232 4337 VPY,
1249 4269 1356 4344 ἐπιγίγ-

99 4356 202 4409 νεσθαι
218 4353 278 4420 UB,
295 4369 365 4410 corr.
383 4353 491 4409 Geelius
551 4350 608 4428 γὰρ
626 4356 738 4411 om.UB
794 4359 843 4412 καί
859 4348 893 4412 οδ
907 4351 1008 4434 ῥᾴδιον
1023 4356 1110 4425 μὲνῦ
1177 4359 1208 4409 22
1227 4356 1257 4415 δὲ
1272 4353 1357 4429 τυρά-

99 4436 181 4492 νουΡ
233 4441 266 4491 23
276 4438 420 4510 φησίνῐΝ
467 4445 498 4494 27
515 4433 648 4512 ἀφέλειΥ
694 4435 830 4512 ἀφέλοιτο
844 4440 996 4497 δὲοσΠῨΡ
1044 4445 1077 4495 28
1090 4435 1357 4500 αὐτὸσοθοίνατοσ

98 4519 174 4576 UBY
191 4521 223 4588 (2)
240 4521 261 4575 Ρ
279 4537 379 4580 acorr,
450 4528 483 4581 29
496 4519 560 4583 οὐδὲ
577 4521 678 4582 έτιΠΒ
741 4526 831 4580 πιοῦσι
849 4520 921 4583 ἀλλὰ
938 4529 988 4583 καὶ
1005 4522 1075 4584 ἀλλο
1096 4521 1178 4586 οὐδὲν
1248 4518 1357 4586 δστεΡ
