3068 5160
208 373 273 426 XVI
687 368 979 424 PROLEGOMENA.

210 549 376 631 ἀχρήστου
400 544 427 607 Β
456 567 547 628 κρατ.
576 548 673 620 κυνός
696 546 863 630 ἀχρήστου
886 543 997 616 aeteri)
1020 546 1106 624 95,5
1130 546 1165 605 ἐν
1188 540 1306 604 ἐλπίσι
1329 559 1391 624 pro
1416 544 1477 604 ἐὰν

209 646 332 732 ἐλπίσῃ
370 649 477 727 100,4
510 644 730 709 ἀναλώσαντα
768 649 878 728 103,2
911 650 1010 732 τύχης
1039 664 1097 728 pro
1126 653 1236 730 ψυχῆς
1266 647 1375 724 110,1
1409 648 1478 730 μήν

211 749 455 836 διατρυμόντες
477 751 553 835 (μήν
576 748 771 833 διατρυφῶν
794 770 829 810 τε
845 746 902 811 VB
922 753 987 835 μήν
1010 752 1046 834 νή
1064 750 1133 809 Δία
1156 754 1292 832 τρυφῶν
1308 743 1348 823 Ρ)
1369 747 1478 827 116,2

206 856 334 937 χορδν
364 856 417 927 ὡς
447 855 540 914 ἐκεῖ
563 854 633 913 τδν
664 848 898 935 φιλότιμον
927 847 992 914 UV
1023 853 1069 925 ὡς
1104 853 1176 912 ἐκεῖ
1199 852 1257 910 τόν
1286 845 1479 934 φιλότιμον

206 954 309 1039 χορόν
332 953 357 1017 Ρ
385 952 452 1036 (qui
474 952 615 1017 numeris
634 956 736 1037 χορὸν
759 957 835 1017 ante
857 956 915 1015 τόν
939 950 1051 1038 (χιλόν.
1075 947 1350 1032 transponendum
1374 949 1480 1031 signi-

210 1053 295 1133 fieat)
319 1060 365 1131 ὡς
387 1060 460 1119 ἐκεῖ
474 1053 576 1140 χορδν
593 1059 650 1118 τόν
668 1053 851 1141 φιλότιμον
867 1053 893 1117 Β
910 1058 1006 1118 reete.
1032 1056 1102 1134 117,
1120 1056 1138 1114 5
1154 1051 1282 1137 ἐλάφος
1297 1075 1333 1115 τε
1349 1075 1480 1136 μεταρ-

212 1161 305 1233 σίους
335 1159 408 1233 (om.
431 1161 498 1234 καί)
527 1157 557 1222 U
580 1157 728 1243 ἐλάφους
752 1179 787 1220 τε
810 1159 866 1219 καί
888 1159 1092 1241 μεταρσίους
1114 1154 1141 1218 Β
1164 1153 1334 1240 ἐλαφρούς
1358 1179 1397 1218 τε
1421 1161 1481 1219 καί

209 1263 413 1343 μεταρσίους
444 1259 543 1323 ueteri
577 1263 681 1339 tras
709 1279 770 1322 om.
793 1268 852 1345 τής
877 1261 983 1338 124,3
1008 1256 1242 1338 λεγομένων
1265 1261 1339 1333 (om.
1367 1257 1424 1346 δή)
1449 1258 1481 1323 U

211 1359 461 1443 λεγομέναις
484 1363 563 1437 (om.
588 1361 650 1448 δή)
671 1361 698 1425 Β
723 1361 920 1446 λεγομένη
947 1359 991 1446 δή
1016 1357 1045 1422 V
1067 1359 1320 1443 λεγομέναις
1344 1359 1392 1448 δή
1412 1360 1481 1425 ΡΜ

212 1465 282 1543 129,
300 1467 319 1524 4
342 1481 402 1525 om.
426 1466 481 1526 καὶ
505 1461 643 1548 λαμπρὰ
664 1466 732 1544 132,
750 1468 768 1528 3
786 1466 956 1549 σοφιστὰς
970 1480 1028 1545 pro
1045 1461 1231 1538 waldetrude
1246 1481 1290 1525 or.
1303 1461 1343 1526 V.
1361 1467 1381 1539 ξ
1398 1467 1479 1546 17,1

213 1567 328 1648 ὥσπερ
359 1567 396 1626 αἱ
423 1567 544 1627 τίτθαι
566 1568 694 1651 (ὥσπερ
718 1570 844 1629 ἐκεῖναι
865 1564 922 1629 BV
946 1569 1061 1649 ὥσπερ
1085 1569 1193 1628 ἐκεῖνα
1215 1564 1241 1628 Ρ
1263 1567 1363 1641 reete)
1389 1568 1481 1647 22,5

211 1665 412 1750 ἀποδράσας
438 1687 495 1750 pro
519 1670 599 1730 αὐτὸ
625 1666 752 1752 δράσας
775 1687 819 1731 or.
842 1666 991 1749 V122,3
1014 1664 1088 1730 add.
1112 1677 1211 1729 τοῦτο
1232 1670 1293 1748 μὲν
1316 1672 1396 1732 ante
1422 1666 1479 1755 ζήν

213 1767 343 1831 ὁπόσον
367 1771 417 1850 28,
436 1775 453 1834 7
477 1773 517 1832 τὰ
541 1790 598 1853 pro
621 1773 659 1831 τό
685 1773 734 1851 34,
752 1772 771 1834 6
794 1789 854 1833 om.
872 1769 910 1856 δή
929 1772 1008 1851 34,8
1024 1769 1258 1833 καταλείπωσι
1273 1776 1347 1845 τοῖς
1364 1773 1480 1832 αὐτῶν

211 1870 282 1944 (hoe
312 1871 435 1951 ordine)
465 1876 552 1955 47,5
583 1875 658 1935 οότε
684 1891 741 1955 pro
765 1876 852 1935 οὕτω
877 1875 963 1954 53,5
987 1871 1205 1951 πανταχόθεν
1229 1869 1479 1958 πληγήσεσθαι

212 1975 283 2052 (hoo
306 1974 440 2052 ordine).

296 2077 433 2141 Paulum
448 2077 501 2141 hio
516 2076 737 2159 subsistamus,
761 2081 796 2140 ut
812 2095 830 2141 e
844 2076 925 2142 loeis
941 2077 1136 2142 enumeratis
1152 2075 1230 2160 quid
1245 2077 1357 2159 eolligi
1371 2078 1478 2162 possit

211 2178 389 2244 videamus.
427 2177 599 2261 Coegimus
620 2179 707 2244 losos
729 2179 797 2243 fere
820 2179 985 2261 graviores
1008 2198 1027 2243 e
1048 2179 1159 2262 primis
1182 2198 1240 2245 sex
1262 2179 1477 2262 orationibus,

212 2281 339 2345 omissis
361 2281 401 2344 iis
424 2281 565 2362 quaein
587 2288 733 2346 neutram
756 2287 880 2365 partem
904 2279 1050 2345 adhiberi
1072 2286 1215 2365 possunt.
1256 2281 1308 2346 Ex
1331 2280 1384 2346 his
1407 2301 1478 2346 ver·

212 2381 324 2446 borum
346 2382 381 2445 in
397 2380 555 2447 Urbinate
577 2383 765 2448 omissiones
788 2382 870 2446 nihil
891 2381 1039 2465 probant.
1063 2383 1264 2449 Correotores
1287 2383 1374 2448 enim
1395 2383 1479 2448 nihil

211 2483 279 2549 fere
295 2485 460 2568 antiquius
475 2483 595 2549 habere
606 2484 720 2563 solent,
738 2502 835 2566 quam
846 2489 881 2548 ut
893 2485 1012 2550 omissa
1024 2504 1065 2550 ex
1077 2484 1178 2550 altero
1190 2484 1279 2551 fonte
1290 2485 1477 2569 suppleant.

212 2587 317 2651 Aliter
345 2588 380 2650 in
407 2585 573 2652 vocabulis
601 2585 764 2650 mutandis
793 2605 828 2650 se
857 2605 969 2668 gerere
998 2587 1112 2651 solent.
1156 2586 1241 2652 Nam
1264 2592 1322 2651 aut
1344 2588 1477 2653 omnino

213 2690 308 2755 alteri
330 2689 410 2754 fonti
431 2689 504 2773 plus
523 2686 666 2771 eredunt,
689 2695 724 2753 ut
739 2688 837 2752 etiam
852 2687 1056 2753 foedissimas
1071 2689 1140 2754 eius
1157 2688 1355 2772 corruptelas
1370 2695 1477 2757 trans-

213 2791 296 2857 ferre
319 2791 469 2873 audeant,
493 2796 558 2874 aut,
582 2791 638 2874 qui
659 2789 881 2874 prudentiores
899 2796 998 2874 atque
1013 2789 1170 2855 doetiores
1185 2795 1268 2874 sunt,
1291 2791 1332 2857 iis
1347 2797 1477 2858 tantum

212 2894 292 2960 loeis
315 2915 394 2978 quos
417 2894 502 2959 male
523 2914 559 2959 se
576 2891 696 2957 habere
711 2892 906 2974 intellegunt
921 2912 962 2958 ex
978 2893 1080 2958 altero
1095 2891 1183 2957 fonte
1198 2891 1360 2959 medelam
1376 2915 1476 2979 quae-

212 3001 295 3060 runt.
340 2996 497 3061 Neutrum
525 2995 578 3058 hio
605 2993 726 3059 lautum
757 3013 827 3059 esse
855 2992 952 3059 faoile
980 2995 1040 3060 tibi
1062 2993 1287 3078 persuadebis,
1318 2996 1346 3060 si
1369 3017 1476 3063 meum

214 3097 396 3179 eatalogum
419 3095 592 3178 diligenter
612 3095 868 3179 perlustraveris.
906 3096 989 3160 Nam
1013 3103 1045 3162 et
1066 3096 1151 3162 hona
1173 3105 1246 3163 sunt
1267 3095 1335 3162 lere
1356 3100 1475 3180 omnia,

214 3219 298 3282 quae
320 3200 346 3264 B
370 3219 442 3264 oum
463 3197 493 3262 V
516 3201 627 3262 eontra
649 3196 680 3261 U
703 3199 885 3262 eommunia
906 3199 1019 3282 hahet,
1047 3204 1079 3263 et
1101 3218 1200 3282 saepe
1222 3197 1257 3263 fit
1279 3204 1315 3263 ut
1336 3199 1474 3265 leetione

213 3302 244 3366 U
265 3321 323 3385 per
351 3321 386 3366 se
415 3300 495 3365 nihil
525 3300 665 3366 habente
694 3321 756 3385 quo
786 3301 930 3366 offendat
958 3307 1067 3366 tamen
1096 3301 1122 3365 Β
1145 3300 1268 3366 eumV
1297 3306 1330 3366 et
1358 3303 1474 3368 ueteris

213 3403 306 3468 honis
328 3403 419 3469 libris
443 3403 632 3468 consentiat.
669 3403 776 3486 Atque
800 3423 840 3469 ex
863 3403 924 3467 hoe
946 3423 1066 3486 genere
1088 3402 1131 3468 ad
1154 3423 1209 3469 eos
1230 3404 1373 3470 maxime
1387 3405 1474 3470 looos

214 3506 357 3570 animum
385 3503 562 3571 advertatis
590 3506 703 3588 velim,
732 3504 788 3570 uhi
817 3505 917 3571 verba
947 3505 988 3570 ab
1011 3505 1042 3570 U
1064 3507 1229 3570 contextui
1253 3507 1375 3571 inserta
1396 3513 1474 3572 uta

214 3608 330 3673 ueteris
357 3607 450 3673 libris
476 3608 524 3672 ita
546 3627 566 3671 a
588 3607 614 3671 B
638 3607 764 3672 absunt.
809 3607 901 3685 Quae
924 3608 1009 3671 enim
1031 3627 1104 3672 mea
1126 3613 1175 3674 est
1197 3607 1238 3673 de
1260 3614 1474 3674 oorreotorum

214 3709 445 3775 consuetudine
461 3709 569 3793 opinio
584 3728 648 3772 non
661 3709 759 3774 faoile
771 3708 971 3791 erediderim,
984 3710 1084 3775 verba
1095 3731 1179 3793 quae
1191 3711 1273 3775 nihil
1285 3712 1474 3779 offensionis

213 3810 334 3876 habent
357 3813 426 3876 eius
449 3811 576 3893 generis
598 3809 759 3875 hominem
783 3808 951 3892 delevisse,
975 3810 1038 3876 nisi
1059 3811 1141 3877 forte
1165 3813 1212 3877 ita
1230 3833 1264 3879 se
1282 3815 1377 3880 alteri
1391 3815 1474 3881 fonti

214 3911 357 3995 addixit,
386 3918 422 3977 ut
451 3912 540 3976 nullo
566 3910 750 3976 disorimine
772 3912 880 3976 omnia
902 3911 1084 3977 transferat.
1130 3911 1177 3978 (tf.
1201 3935 1245 3978 or.
1269 3916 1284 3979 Ι
1308 3919 1395 3999 58,5
1417 3917 1474 3982 ubi

215 4016 337 4101 διόπερ
356 4014 438 4079 illud
453 4013 592 4079 seribam
608 4011 789 4095 offendisse,
806 4014 879 4097 quis
895 4014 1020 4081 eredit?
1045 4017 1127 4080 Item
1143 4035 1187 4080 or.
1204 4017 1236 4081 ΙΙ
1252 4021 1302 4099 65,
1316 4022 1335 4082 6
1352 4019 1474 4097 ἀλλους

214 4139 255 4184 ne
281 4118 432 4201 Emperio
461 4115 592 4199 quidem
622 4114 801 4198 displieuit3
835 4117 974 4182 seribam
1002 4118 1094 4182 illum
1122 4123 1189 4183 tam
1218 4118 1346 4184 doctum
1374 4121 1474 4187 fuisse

214 4225 326 4303 putas,
356 4225 392 4283 ut
419 4218 698 4302 interpolationem
726 4215 1001 4302 deprehenderet?
1037 4218 1127 4285 Idem
1151 4220 1214 4286 diui
1237 4227 1342 4306 potest
1365 4222 1406 4289 de
1428 4223 1474 4289 VI

214 4325 298 4403 §22
317 4327 345 4403 3,
370 4321 425 4386 ubi
448 4332 546 4384 τοῦτο
569 4328 630 4402 μέν
653 4320 695 4385 ab
717 4321 875 4387 Urbinate
897 4323 1053 4388 insertum
1074 4323 1198 4405 legenti
1219 4324 1387 4389 molestum
1410 4345 1474 4390 non

215 4425 273 4486 est.
306 4421 421 4504 Neque
443 4424 543 4488 multo
566 4423 661 4488 aliter
682 4443 733 4488 res
756 4443 790 4488 se
812 4422 909 4489 hahet
931 4426 965 4488 in
987 4425 1067 4490 loeis
1090 4425 1247 4490 eiusmodi
1270 4428 1383 4511 quales
1399 4433 1473 4494 sunt

214 4543 258 4588 or.
282 4523 331 4587 ΙΙΙ
348 4528 433 4603 41,4
456 4523 512 4587 ubi
536 4524 751 4612 διαφθείρων
774 4524 805 4590 U
827 4526 969 4609 praebet,
996 4532 1151 4614 φθείρων
1168 4529 1267 4594 oeteri
1283 4528 1396 4613 fontes,
1420 4532 1473 4596 vel
