<?xml version="1.0" encoding="UTF-8"?>
<!DOCTYPE html PUBLIC "-//W3C//DTD XHTML 1.0 Transitional//EN"
    "http://www.w3.org/TR/xhtml1/DTD/xhtml1-transitional.dtd">
<html xmlns="http://www.w3.org/1999/xhtml" xml:lang="en" lang="en">
 <head>
  <title>
</title>
<meta http-equiv="Content-Type" content="text/html;charset=utf-8" />
  <meta name='ocr-system' content='tesseract 3.04.00' />
  <meta name='ocr-capabilities' content='ocr_page ocr_carea ocr_par ocr_line ocrx_word'/>
</head>
<body>
  <div class='ocr_page' id='page_1' title='image "./quaeexstantomni00diogoog_0308.png"; bbox 0 0 3068 5160; ppageno 0'>
   <div class='ocr_carea' id='block_1_1' title="bbox 210 323 1015 385">
    <p class='ocr_par' dir='ltr' id='par_1_1' title="bbox 210 323 1015 385">
     <span class='ocr_line' id='line_1_1' title="bbox 210 323 1015 385; baseline -0.009 -1"><span class='ocrx_word' id='word_1_1' title='bbox 210 326 273 385; x_wconf 83' lang='lat'><em>258</em></span> <span class='ocrx_word' id='word_1_2' title='bbox 683 323 806 380; x_wconf 87' lang='lat' dir='ltr'>DIONIS</span> <span class='ocrx_word' id='word_1_3' title='bbox 824 323 1015 379; x_wconf 81' lang='lat' dir='ltr'>RHODIAGA</span> 
     </span>
    </p>
   </div>
   <div class='ocr_carea' id='block_1_2' title="bbox 140 491 1523 1704">
    <p class='ocr_par' dir='ltr' id='par_1_2' title="bbox 140 491 1523 1704">
     <span class='ocr_line' id='line_1_2' title="bbox 214 491 1480 584; baseline -0.006 -19"><span class='ocrx_word' id='word_1_4' title='bbox 214 505 321 577; x_wconf 87' lang='grc' dir='ltr'><em>σθοι;</em></span> <span class='ocrx_word' id='word_1_5' title='bbox 345 496 499 584; x_wconf 80' lang='grc' dir='ltr'><em>[αἰσχροῦ</em></span> <span class='ocrx_word' id='word_1_6' title='bbox 518 501 580 584; x_wconf 75' lang='grc' dir='ltr'><em>γάρ</em></span> <span class='ocrx_word' id='word_1_7' title='bbox 604 501 709 577; x_wconf 81' lang='grc' dir='ltr'><strong><em>ὄντος,</em></strong></span> <span class='ocrx_word' id='word_1_8' title='bbox 733 501 779 574; x_wconf 88' lang='grc' dir='ltr'><em>ώς</em></span> <span class='ocrx_word' id='word_1_9' title='bbox 804 491 877 560; x_wconf 82' lang='grc' dir='ltr'><em>οὐδ’</em></span> <span class='ocrx_word' id='word_1_10' title='bbox 903 500 944 561; x_wconf 87' lang='grc' dir='ltr'><em>ἀν</em></span> <span class='ocrx_word' id='word_1_11' title='bbox 967 498 1016 574; x_wconf 89' lang='grc' dir='ltr'><em>είς</em></span> <span class='ocrx_word' id='word_1_12' title='bbox 1039 499 1206 573; x_wconf 77' lang='grc' dir='ltr'><em>ἀντείποι,</em></span> <span class='ocrx_word' id='word_1_13' title='bbox 1230 503 1294 558; x_wconf 82' lang='grc' dir='ltr'><em>τοῦ</em></span> <span class='ocrx_word' id='word_1_14' title='bbox 1312 496 1480 580; x_wconf 88' lang='grc' dir='ltr'><em>ἀφαιρεῖ-</em></span> 
     </span>
     <span class='ocr_line' id='line_1_3' title="bbox 216 595 1483 682; baseline -0.005 -16"><span class='ocrx_word' id='word_1_15' title='bbox 216 606 304 666; x_wconf 89' lang='grc' dir='ltr'><em>σθαι</em></span> <span class='ocrx_word' id='word_1_16' title='bbox 326 605 404 677; x_wconf 89' lang='grc' dir='ltr'><em>τούς</em></span> <span class='ocrx_word' id='word_1_17' title='bbox 428 598 592 681; x_wconf 76' lang='grc' dir='ltr'><em>λαβόντας</em></span> <span class='ocrx_word' id='word_1_18' title='bbox 615 622 658 679; x_wconf 91' lang='grc' dir='ltr'><em>τι,</em></span> <span class='ocrx_word' id='word_1_19' title='bbox 681 602 765 663; x_wconf 92' lang='grc' dir='ltr'><em>κατά</em></span> <span class='ocrx_word' id='word_1_20' title='bbox 787 604 848 682; x_wconf 86' lang='grc' dir='ltr'><em>μὲν</em></span> <span class='ocrx_word' id='word_1_21' title='bbox 872 602 930 662; x_wconf 88' lang='grc' dir='ltr'><em>τόν</em></span> <span class='ocrx_word' id='word_1_22' title='bbox 952 603 1054 680; x_wconf 92' lang='grc' dir='ltr'><em>νόμον</em></span> <span class='ocrx_word' id='word_1_23' title='bbox 1070 606 1169 660; x_wconf 80' lang='grc' dir='ltr'><em>τοῦτο</em></span> <span class='ocrx_word' id='word_1_24' title='bbox 1193 595 1291 674; x_wconf 84' lang='grc' dir='ltr'><em>ἀπαξ</em></span> <span class='ocrx_word' id='word_1_25' title='bbox 1313 599 1483 680; x_wconf 78' lang='grc' dir='ltr'><em>ἐγίγνετο,</em></span> 
     </span>
     <span class='ocr_line' id='line_1_4' title="bbox 140 696 1483 786; baseline -0.008 -15"><span class='ocrx_word' id='word_1_26' title='bbox 140 710 199 771; x_wconf 84' lang='grc'><strong>134</strong></span> <span class='ocrx_word' id='word_1_27' title='bbox 214 706 299 768; x_wconf 83' lang='grc' dir='ltr'><em>κατά</em></span> <span class='ocrx_word' id='word_1_28' title='bbox 329 702 365 766; x_wconf 82' lang='grc' dir='ltr'><em>δὲ</em></span> <span class='ocrx_word' id='word_1_29' title='bbox 394 705 432 765; x_wconf 86' lang='grc' dir='ltr'><em>τό</em></span> <span class='ocrx_word' id='word_1_30' title='bbox 463 704 547 777; x_wconf 81' lang='grc' dir='ltr'><em>ἔθος</em></span> <span class='ocrx_word' id='word_1_31' title='bbox 574 704 627 765; x_wconf 90' lang='grc' dir='ltr'><em>ἀεί</em></span> <span class='ocrx_word' id='word_1_32' title='bbox 656 696 853 785; x_wconf 83' lang='grc' dir='ltr'><em>συμβαίνει]</em></span> <span class='ocrx_word' id='word_1_33' title='bbox 897 703 953 764; x_wconf 92' lang='grc' dir='ltr'><em>καί</em></span> <span class='ocrx_word' id='word_1_34' title='bbox 980 704 1046 786; x_wconf 71' lang='grc' dir='ltr'><em>μὴν</em></span> <span class='ocrx_word' id='word_1_35' title='bbox 1076 703 1107 763; x_wconf 92' lang='grc' dir='ltr'><em>εί</em></span> <span class='ocrx_word' id='word_1_36' title='bbox 1136 698 1232 762; x_wconf 91' lang='grc' dir='ltr'><em>δοκεῖ</em></span> <span class='ocrx_word' id='word_1_37' title='bbox 1251 697 1421 783; x_wconf 85' lang='grc' dir='ltr'><em>δυσχερὲς</em></span> <span class='ocrx_word' id='word_1_38' title='bbox 1446 702 1483 761; x_wconf 88' lang='grc' dir='ltr'><em>τὸ</em></span> 
     </span>
     <span class='ocr_line' id='line_1_5' title="bbox 216 802 1484 893; baseline -0.005 -24"><span class='ocrx_word' id='word_1_39' title='bbox 216 806 448 893; x_wconf 89' lang='grc' dir='ltr'><em>ἀφαιρεῖσθαί</em></span> <span class='ocrx_word' id='word_1_40' title='bbox 468 826 561 879; x_wconf 92' lang='grc' dir='ltr'><em>τινος</em></span> <span class='ocrx_word' id='word_1_41' title='bbox 583 802 740 881; x_wconf 75' lang='grc' dir='ltr'><em>ἐξουσίας</em></span> <span class='ocrx_word' id='word_1_42' title='bbox 760 807 820 890; x_wconf 76' lang='grc' dir='ltr'><em>τὴν</em></span> <span class='ocrx_word' id='word_1_43' title='bbox 844 802 955 881; x_wconf 90' lang='grc' dir='ltr'><em>πόλιν,</em></span> <span class='ocrx_word' id='word_1_44' title='bbox 980 805 1037 865; x_wconf 88' lang='grc' dir='ltr'><em>καί</em></span> <span class='ocrx_word' id='word_1_45' title='bbox 1058 804 1154 882; x_wconf 89' lang='grc' dir='ltr'><em>ύμεῖς</em></span> <span class='ocrx_word' id='word_1_46' title='bbox 1176 803 1399 887; x_wconf 77' lang='grc' dir='ltr'><em>ἀφαιρεῖσθε</em></span> <span class='ocrx_word' id='word_1_47' title='bbox 1423 804 1484 888; x_wconf 77' lang='grc' dir='ltr'><em>τὴν</em></span> 
     </span>
     <span class='ocr_line' id='line_1_6' title="bbox 215 902 1513 992; baseline -0.005 -21"><span class='ocrx_word' id='word_1_48' title='bbox 215 907 370 986; x_wconf 83' lang='grc' dir='ltr'><em>ἐξουσίαν</em></span> <span class='ocrx_word' id='word_1_49' title='bbox 399 914 461 968; x_wconf 82' lang='grc' dir='ltr'><em>τοῦ</em></span> <span class='ocrx_word' id='word_1_50' title='bbox 490 903 671 992; x_wconf 76' lang='grc' dir='ltr'><em>φυλάττειν</em></span> <span class='ocrx_word' id='word_1_51' title='bbox 699 907 821 988; x_wconf 91' lang='grc' dir='ltr'><em>βέβαια</em></span> <span class='ocrx_word' id='word_1_52' title='bbox 851 908 892 967; x_wconf 82' lang='grc' dir='ltr'><em>τά</em></span> <span class='ocrx_word' id='word_1_53' title='bbox 920 903 1068 968; x_wconf 91' lang='grc' dir='ltr'><em>δοθέντα</em></span> <span class='ocrx_word' id='word_1_54' title='bbox 1091 909 1164 978; x_wconf 92' lang='grc' dir='ltr'><em>τοῖς</em></span> <span class='ocrx_word' id='word_1_55' title='bbox 1187 902 1366 986; x_wconf 78' lang='grc' dir='ltr'><em>λαβοῦσιν.</em></span> <span class='ocrx_word' id='word_1_56' title='bbox 1416 907 1513 986; x_wconf 69' lang='grc' dir='ltr'><em>ότφί</em></span> 
     </span>
     <span class='ocr_line' id='line_1_7' title="bbox 215 998 1485 1094; baseline -0.002 -23"><span class='ocrx_word' id='word_1_57' title='bbox 215 1011 276 1094; x_wconf 76' lang='grc' dir='ltr'><em>γάρ</em></span> <span class='ocrx_word' id='word_1_58' title='bbox 301 1010 340 1070; x_wconf 93' lang='grc' dir='ltr'><em>ἀν</em></span> <span class='ocrx_word' id='word_1_59' title='bbox 363 1011 458 1088; x_wconf 84' lang='grc' dir='ltr'><em>ὑμεῖς</em></span> <span class='ocrx_word' id='word_1_60' title='bbox 482 1005 567 1069; x_wconf 84' lang='grc' dir='ltr'><em>δῶτε</em></span> <span class='ocrx_word' id='word_1_61' title='bbox 589 1010 648 1093; x_wconf 74' lang='grc' dir='ltr'><em>τήν</em></span> <span class='ocrx_word' id='word_1_62' title='bbox 671 1011 780 1094; x_wconf 77' lang='grc' dir='ltr'><em>τιμήν,</em></span> <span class='ocrx_word' id='word_1_63' title='bbox 805 999 915 1070; x_wconf 77' lang='grc' dir='ltr'><em>οὐκέτ’</em></span> <span class='ocrx_word' id='word_1_64' title='bbox 950 998 1022 1069; x_wconf 82' lang='grc' dir='ltr'><em>ἔστ’</em></span> <span class='ocrx_word' id='word_1_65' title='bbox 1054 999 1114 1092; x_wconf 77' lang='grc' dir='ltr'><em>ἐφ’</em></span> <span class='ocrx_word' id='word_1_66' title='bbox 1140 1010 1218 1088; x_wconf 89' lang='grc' dir='ltr'><em>ύμῖν</em></span> <span class='ocrx_word' id='word_1_67' title='bbox 1240 1009 1279 1069; x_wconf 89' lang='grc' dir='ltr'><em>τὸ</em></span> <span class='ocrx_word' id='word_1_68' title='bbox 1303 1008 1369 1068; x_wconf 77' lang='grc' dir='ltr'><em>ἐᾶν</em></span> <span class='ocrx_word' id='word_1_69' title='bbox 1394 1007 1485 1086; x_wconf 81' lang='grc' dir='ltr'><em>ἔχειν</em></span> 
     </span>
     <span class='ocr_line' id='line_1_8' title="bbox 216 1102 1485 1195; baseline -0.001 -22"><span class='ocrx_word' id='word_1_70' title='bbox 216 1113 332 1174; x_wconf 80' lang='grc' dir='ltr'><em>αὐτόν·</em></span> <span class='ocrx_word' id='word_1_71' title='bbox 356 1102 432 1172; x_wconf 80' lang='grc' dir='ltr'><em>ἀλλ’</em></span> <span class='ocrx_word' id='word_1_72' title='bbox 459 1110 507 1184; x_wconf 90' lang='grc' dir='ltr'><em>είς</em></span> <span class='ocrx_word' id='word_1_73' title='bbox 530 1112 612 1195; x_wconf 74' lang='grc' dir='ltr'><em>ἀνὴρ</em></span> <span class='ocrx_word' id='word_1_74' title='bbox 636 1111 689 1173; x_wconf 86' lang='grc' dir='ltr'><em>ἀεί</em></span> <span class='ocrx_word' id='word_1_75' title='bbox 711 1113 830 1172; x_wconf 90' lang='grc' dir='ltr'><em>τούτου</em></span> <span class='ocrx_word' id='word_1_76' title='bbox 846 1113 971 1194; x_wconf 90' lang='grc' dir='ltr'><em>κύριος,</em></span> <span class='ocrx_word' id='word_1_77' title='bbox 995 1112 1232 1194; x_wconf 81' lang='grc' dir='ltr'><em>όστρυτηγῶν.</em></span> <span class='ocrx_word' id='word_1_78' title='bbox 1270 1110 1394 1170; x_wconf 89' lang='grc' dir='ltr'><em>καίτοι</em></span> <span class='ocrx_word' id='word_1_79' title='bbox 1414 1114 1485 1190; x_wconf 91' lang='grc' dir='ltr'><em>χεῖ·</em></span> 
     </span>
     <span class='ocr_line' id='line_1_9' title="bbox 217 1202 1483 1298; baseline -0.002 -22"><span class='ocrx_word' id='word_1_80' title='bbox 217 1217 276 1298; x_wconf 91' lang='grc' dir='ltr'><em>ρόν</em></span> <span class='ocrx_word' id='word_1_81' title='bbox 299 1217 373 1276; x_wconf 79' lang='grc' dir='ltr'><em>ἐστι</em></span> <span class='ocrx_word' id='word_1_82' title='bbox 397 1214 435 1273; x_wconf 86' lang='grc' dir='ltr'><em>τό</em></span> <span class='ocrx_word' id='word_1_83' title='bbox 460 1213 537 1274; x_wconf 83' lang='grc' dir='ltr'><em>ἔθει</em></span> <span class='ocrx_word' id='word_1_84' title='bbox 559 1214 602 1296; x_wconf 76' lang='grc' dir='ltr'><em>μὴ</em></span> <span class='ocrx_word' id='word_1_85' title='bbox 628 1202 687 1296; x_wconf 77' lang='grc' dir='ltr'><em>ἐφ’</em></span> <span class='ocrx_word' id='word_1_86' title='bbox 712 1213 790 1288; x_wconf 89' lang='grc' dir='ltr'><em>ύμῖν</em></span> <span class='ocrx_word' id='word_1_87' title='bbox 814 1211 903 1274; x_wconf 87' lang='grc' dir='ltr'><em>εἶναι</em></span> <span class='ocrx_word' id='word_1_88' title='bbox 924 1220 986 1274; x_wconf 83' lang='grc' dir='ltr'><em>τού</em></span> <span class='ocrx_word' id='word_1_89' title='bbox 1005 1213 1089 1274; x_wconf 84' lang='grc' dir='ltr'><em>κατά</em></span> <span class='ocrx_word' id='word_1_90' title='bbox 1106 1214 1208 1291; x_wconf 88' lang='grc' dir='ltr'><em>νόμον</em></span> <span class='ocrx_word' id='word_1_91' title='bbox 1231 1207 1483 1290; x_wconf 89' lang='grc' dir='ltr'><em>κεκωλυμένου.</em></span> 
     </span>
     <span class='ocr_line' id='line_1_10' title="bbox 219 1311 1484 1400; baseline -0.003 -23"><span class='ocrx_word' id='word_1_92' title='bbox 219 1319 252 1377; x_wconf 84' lang='grc' dir='ltr'><em>οὶ</em></span> <span class='ocrx_word' id='word_1_93' title='bbox 279 1317 340 1396; x_wconf 81' lang='grc' dir='ltr'><em>μὲν</em></span> <span class='ocrx_word' id='word_1_94' title='bbox 367 1315 430 1399; x_wconf 80' lang='grc' dir='ltr'><em>γὰρ</em></span> <span class='ocrx_word' id='word_1_95' title='bbox 463 1314 520 1374; x_wconf 87' lang='grc' dir='ltr'><em>ούκ</em></span> <span class='ocrx_word' id='word_1_96' title='bbox 549 1311 742 1398; x_wconf 74' lang='grc' dir='ltr'><em>ἀφῄρηνται</em></span> <span class='ocrx_word' id='word_1_97' title='bbox 771 1317 830 1400; x_wconf 79' lang='grc' dir='ltr'><em>τὴν</em></span> <span class='ocrx_word' id='word_1_98' title='bbox 853 1312 1009 1391; x_wconf 82' lang='grc' dir='ltr'><em>ἐξουσίαν</em></span> <span class='ocrx_word' id='word_1_99' title='bbox 1032 1317 1152 1376; x_wconf 93' lang='grc' dir='ltr'><em>τούτου</em></span> <span class='ocrx_word' id='word_1_100' title='bbox 1176 1316 1306 1398; x_wconf 91' lang='grc' dir='ltr'><em>τρόπον</em></span> <span class='ocrx_word' id='word_1_101' title='bbox 1328 1316 1433 1390; x_wconf 88' lang='grc' dir='ltr'><em>τινά,</em></span> <span class='ocrx_word' id='word_1_102' title='bbox 1466 1313 1484 1374; x_wconf 85' lang='grc' dir='ltr'><em>ό</em></span> 
     </span>
     <span class='ocr_line' id='line_1_11' title="bbox 217 1408 1523 1501; baseline -0.002 -23"><span class='ocrx_word' id='word_1_103' title='bbox 217 1420 379 1501; x_wconf 89' lang='grc' dir='ltr'><em>πράττειν</em></span> <span class='ocrx_word' id='word_1_104' title='bbox 402 1417 542 1489; x_wconf 81' lang='grc' dir='ltr'><em>ἑαυτούς</em></span> <span class='ocrx_word' id='word_1_105' title='bbox 564 1418 654 1496; x_wconf 85' lang='grc' dir='ltr'><em>νόμῳ</em></span> <span class='ocrx_word' id='word_1_106' title='bbox 678 1412 913 1492; x_wconf 82' lang='grc' dir='ltr'><em>κεκωλύκασιν,</em></span> <span class='ocrx_word' id='word_1_107' title='bbox 937 1408 1014 1477; x_wconf 79' lang='grc' dir='ltr'><em>ἀλλ’</em></span> <span class='ocrx_word' id='word_1_108' title='bbox 1040 1417 1238 1500; x_wconf 83' lang='grc' dir='ltr'><em>ἀπέστησαν</em></span> <span class='ocrx_word' id='word_1_109' title='bbox 1260 1417 1402 1490; x_wconf 86' lang='grc' dir='ltr'><em>έκόντες</em></span> <span class='ocrx_word' id='word_1_110' title='bbox 1427 1412 1484 1478; x_wconf 85' lang='grc' dir='ltr'><em>διά</em></span> <span class='ocrx_word' id='word_1_111' title='bbox 1503 1425 1523 1475; x_wconf 88' lang='grc'><em>11</em></span> 
     </span>
     <span class='ocr_line' id='line_1_12' title="bbox 140 1515 1483 1602; baseline -0.002 -18"><span class='ocrx_word' id='word_1_112' title='bbox 140 1523 200 1584; x_wconf 84' lang='grc'><strong>135</strong></span> <span class='ocrx_word' id='word_1_113' title='bbox 216 1521 253 1580; x_wconf 84' lang='grc' dir='ltr'><em>τό</em></span> <span class='ocrx_word' id='word_1_114' title='bbox 279 1522 460 1602; x_wconf 84' lang='grc' dir='ltr'><em>συμφέρον.</em></span> <span class='ocrx_word' id='word_1_115' title='bbox 509 1518 568 1578; x_wconf 85' lang='grc' dir='ltr'><em>έπί</em></span> <span class='ocrx_word' id='word_1_116' title='bbox 592 1515 627 1579; x_wconf 86' lang='grc' dir='ltr'><em>δὲ</em></span> <span class='ocrx_word' id='word_1_117' title='bbox 650 1525 712 1578; x_wconf 80' lang='grc' dir='ltr'><em>τοῦ</em></span> <span class='ocrx_word' id='word_1_118' title='bbox 732 1518 836 1591; x_wconf 82' lang='grc' dir='ltr'><em>ἔθους</em></span> <span class='ocrx_word' id='word_1_119' title='bbox 860 1516 1058 1580; x_wconf 77' lang='grc' dir='ltr'><em>οὐδὲτοῦτο</em></span> <span class='ocrx_word' id='word_1_120' title='bbox 1082 1518 1174 1579; x_wconf 80' lang='grc' dir='ltr'><em>ἔστιν</em></span> <span class='ocrx_word' id='word_1_121' title='bbox 1204 1517 1316 1579; x_wconf 83' lang='grc' dir='ltr'><em>εἰπεῖν</em></span> <span class='ocrx_word' id='word_1_122' title='bbox 1341 1521 1401 1581; x_wconf 86' lang='grc' dir='ltr'><em>ὅτι</em></span> <span class='ocrx_word' id='word_1_123' title='bbox 1425 1520 1483 1581; x_wconf 87' lang='grc' dir='ltr'><em>αύ-</em></span> 
     </span>
     <span class='ocr_line' id='line_1_13' title="bbox 215 1611 1483 1704; baseline 0.002 -23"><span class='ocrx_word' id='word_1_124' title='bbox 215 1623 303 1696; x_wconf 84' lang='grc' dir='ltr'><em>τούς,</em></span> <span class='ocrx_word' id='word_1_125' title='bbox 327 1618 423 1704; x_wconf 83' lang='grc' dir='ltr'><em>εἴπερ</em></span> <span class='ocrx_word' id='word_1_126' title='bbox 440 1621 516 1703; x_wconf 87' lang='grc' dir='ltr'><em>ἀρα,</em></span> <span class='ocrx_word' id='word_1_127' title='bbox 540 1616 734 1704; x_wconf 75' lang='grc' dir='ltr'><em>ἀφῄρηνται</em></span> <span class='ocrx_word' id='word_1_128' title='bbox 749 1611 851 1681; x_wconf 77' lang='grc' dir='ltr'><em>τοῦθ’</em></span> <span class='ocrx_word' id='word_1_129' title='bbox 869 1622 955 1704; x_wconf 79' lang='grc' dir='ltr'><em>ὑπὲρ</em></span> <span class='ocrx_word' id='word_1_130' title='bbox 973 1618 1015 1681; x_wconf 84' lang='grc' dir='ltr'><em>ού</em></span> <span class='ocrx_word' id='word_1_131' title='bbox 1026 1621 1110 1704; x_wconf 82' lang='grc' dir='ltr'><em>μήτε</em></span> <span class='ocrx_word' id='word_1_132' title='bbox 1125 1621 1257 1703; x_wconf 83' lang='grc' dir='ltr'><em>ἔκριναν</em></span> <span class='ocrx_word' id='word_1_133' title='bbox 1277 1621 1368 1704; x_wconf 81' lang='grc' dir='ltr'><em>μήτε</em></span> <span class='ocrx_word' id='word_1_134' title='bbox 1386 1622 1483 1703; x_wconf 87' lang='grc' dir='ltr'><em>έβου-</em></span> 
     </span>
    </p>
   </div>
   <div class='ocr_carea' id='block_1_3' title="bbox 142 1720 1520 2419">
    <p class='ocr_par' dir='ltr' id='par_1_3' title="bbox 142 1720 1520 2419">
     <span class='ocr_line' id='line_1_14' title="bbox 218 1720 1482 1808; baseline 0.001 -25"><span class='ocrx_word' id='word_1_135' title='bbox 218 1720 388 1784; x_wconf 89' lang='grc' dir='ltr'><em>λεύσαντο.</em></span> <span class='ocrx_word' id='word_1_136' title='bbox 432 1723 489 1784; x_wconf 91' lang='grc' dir='ltr'><em>κοί</em></span> <span class='ocrx_word' id='word_1_137' title='bbox 511 1723 575 1807; x_wconf 73' lang='grc' dir='ltr'><em>μὴν</em></span> <span class='ocrx_word' id='word_1_138' title='bbox 598 1724 671 1783; x_wconf 88' lang='grc' dir='ltr'><em>έκεῖ</em></span> <span class='ocrx_word' id='word_1_139' title='bbox 687 1733 728 1803; x_wconf 82' lang='grc' dir='ltr'><em>’γε</em></span> <span class='ocrx_word' id='word_1_140' title='bbox 752 1722 978 1805; x_wconf 78' lang='grc' dir='ltr'><em>παραμυθίαν</em></span> <span class='ocrx_word' id='word_1_141' title='bbox 1001 1722 1077 1784; x_wconf 89' lang='grc' dir='ltr'><em>τινά</em></span> <span class='ocrx_word' id='word_1_142' title='bbox 1100 1723 1198 1801; x_wconf 83' lang='grc' dir='ltr'><em>ἔσχον</em></span> <span class='ocrx_word' id='word_1_143' title='bbox 1220 1724 1259 1784; x_wconf 92' lang='grc' dir='ltr'><em>τό</em></span> <span class='ocrx_word' id='word_1_144' title='bbox 1282 1729 1348 1783; x_wconf 78' lang='grc' dir='ltr'><em>τοῦ</em></span> <span class='ocrx_word' id='word_1_145' title='bbox 1372 1726 1482 1808; x_wconf 74' lang='grc' dir='ltr'><em>πράμ-</em></span> 
     </span>
     <span class='ocr_line' id='line_1_15' title="bbox 218 1821 1481 1909; baseline 0.004 -25"><span class='ocrx_word' id='word_1_146' title='bbox 218 1843 325 1904; x_wconf 87' lang='grc' dir='ltr'><em>ματος</em></span> <span class='ocrx_word' id='word_1_147' title='bbox 355 1821 430 1885; x_wconf 87' lang='grc' dir='ltr'><em>ἴσον</em></span> <span class='ocrx_word' id='word_1_148' title='bbox 451 1826 507 1886; x_wconf 87' lang='grc' dir='ltr'><em>καί</em></span> <span class='ocrx_word' id='word_1_149' title='bbox 528 1828 657 1900; x_wconf 87' lang='grc' dir='ltr'><em>κοινόν,</em></span> <span class='ocrx_word' id='word_1_150' title='bbox 688 1826 849 1886; x_wconf 84' lang='grc' dir='ltr'><em>ἁπάντων</em></span> <span class='ocrx_word' id='word_1_151' title='bbox 878 1827 1005 1905; x_wconf 83' lang='grc' dir='ltr'><em>ὁμοίως</em></span> <span class='ocrx_word' id='word_1_152' title='bbox 1029 1826 1291 1909; x_wconf 88' lang='grc' dir='ltr'><em>ἀφαιρουμένων</em></span> <span class='ocrx_word' id='word_1_153' title='bbox 1314 1826 1382 1900; x_wconf 86' lang='grc' dir='ltr'><em>τάς</em></span> <span class='ocrx_word' id='word_1_154' title='bbox 1407 1829 1481 1889; x_wconf 88' lang='grc' dir='ltr'><em>ἀτε-</em></span> 
     </span>
     <span class='ocr_line' id='line_1_16' title="bbox 218 1917 1520 2012; baseline -0.003 -25"><span class='ocrx_word' id='word_1_155' title='bbox 218 1923 320 2003; x_wconf 84' lang='grc' dir='ltr'><em>λείας,</em></span> <span class='ocrx_word' id='word_1_156' title='bbox 344 1917 429 2011; x_wconf 75' lang='grc' dir='ltr'><em>παρ’</em></span> <span class='ocrx_word' id='word_1_157' title='bbox 447 1928 526 2006; x_wconf 87' lang='grc' dir='ltr'><em>ύμῖν</em></span> <span class='ocrx_word' id='word_1_158' title='bbox 543 1923 578 1988; x_wconf 83' lang='grc' dir='ltr'><em>δὲ</em></span> <span class='ocrx_word' id='word_1_159' title='bbox 595 1926 632 2001; x_wconf 86' lang='grc' dir='ltr'><em>δς</em></span> <span class='ocrx_word' id='word_1_160' title='bbox 648 1927 688 1988; x_wconf 88' lang='grc' dir='ltr'><em>ἀν</em></span> <span class='ocrx_word' id='word_1_161' title='bbox 704 1928 783 2009; x_wconf 81' lang='grc' dir='ltr'><em>τύχῃ</em></span> <span class='ocrx_word' id='word_1_162' title='bbox 806 1935 866 2012; x_wconf 79' lang='grc' dir='ltr'><em>τῆς</em></span> <span class='ocrx_word' id='word_1_163' title='bbox 888 1928 1016 2001; x_wconf 81' lang='grc' dir='ltr'><em>εἰκόνος</em></span> <span class='ocrx_word' id='word_1_164' title='bbox 1039 1923 1214 2011; x_wconf 81' lang='grc' dir='ltr'><em>ἀφῄρηται</em></span> <span class='ocrx_word' id='word_1_165' title='bbox 1235 1928 1292 1988; x_wconf 87' lang='grc' dir='ltr'><em>καί</em></span> <span class='ocrx_word' id='word_1_166' title='bbox 1308 1924 1482 2004; x_wconf 80' lang='grc' dir='ltr'><em>πολλάκις</em></span> <span class='ocrx_word' id='word_1_167' title='bbox 1500 1935 1520 1984; x_wconf 83' lang='lat' dir='ltr'><em>lt</em></span> 
     </span>
     <span class='ocr_line' id='line_1_17' title="bbox 216 2024 1480 2116; baseline 0.002 -27"><span class='ocrx_word' id='word_1_168' title='bbox 216 2026 272 2109; x_wconf 85' lang='grc' dir='ltr'><em>&lt;ό&gt;</em></span> <span class='ocrx_word' id='word_1_169' title='bbox 287 2024 438 2109; x_wconf 85' lang='grc' dir='ltr'><em>βελτίων.</em></span> <span class='ocrx_word' id='word_1_170' title='bbox 477 2029 528 2089; x_wconf 84' lang='grc' dir='ltr'><em>ἔτι</em></span> <span class='ocrx_word' id='word_1_171' title='bbox 546 2025 581 2089; x_wconf 84' lang='grc' dir='ltr'><em>δὲ</em></span> <span class='ocrx_word' id='word_1_172' title='bbox 597 2029 671 2090; x_wconf 78' lang='grc' dir='ltr'><em>ε’κεῖ</em></span> <span class='ocrx_word' id='word_1_173' title='bbox 686 2030 747 2108; x_wconf 84' lang='grc' dir='ltr'><em>μὲν</em></span> <span class='ocrx_word' id='word_1_174' title='bbox 765 2029 822 2107; x_wconf 82' lang='grc' dir='ltr'><em>οὐχ</em></span> <span class='ocrx_word' id='word_1_175' title='bbox 840 2029 893 2090; x_wconf 88' lang='grc' dir='ltr'><em>ἵνα</em></span> <span class='ocrx_word' id='word_1_176' title='bbox 917 2025 1019 2102; x_wconf 86' lang='grc' dir='ltr'><em>ἀλλος</em></span> <span class='ocrx_word' id='word_1_177' title='bbox 1043 2025 1138 2112; x_wconf 80' lang='grc' dir='ltr'><em>λάβῃ,</em></span> <span class='ocrx_word' id='word_1_178' title='bbox 1161 2031 1219 2091; x_wconf 89' lang='grc' dir='ltr'><em>τόν</em></span> <span class='ocrx_word' id='word_1_179' title='bbox 1242 2029 1366 2108; x_wconf 83' lang='grc' dir='ltr'><em>ἔχοντα</em></span> <span class='ocrx_word' id='word_1_180' title='bbox 1392 2033 1480 2116; x_wconf 74' lang='grc' dir='ltr'><em>ἀφῃ-</em></span> 
     </span>
     <span class='ocr_line' id='line_1_18' title="bbox 217 2121 1481 2215; baseline 0.002 -23"><span class='ocrx_word' id='word_1_181' title='bbox 217 2136 309 2215; x_wconf 89' lang='grc' dir='ltr'><em>ρεῖτο</em></span> <span class='ocrx_word' id='word_1_182' title='bbox 332 2132 351 2191; x_wconf 87' lang='grc' dir='ltr'><em>δ</em></span> <span class='ocrx_word' id='word_1_183' title='bbox 372 2133 491 2210; x_wconf 67' lang='grc' dir='ltr'><em>νόμος*</em></span> <span class='ocrx_word' id='word_1_184' title='bbox 515 2121 600 2213; x_wconf 82' lang='grc' dir='ltr'><em>παρ’</em></span> <span class='ocrx_word' id='word_1_185' title='bbox 625 2131 704 2210; x_wconf 89' lang='grc' dir='ltr'><em>ύμῖν</em></span> <span class='ocrx_word' id='word_1_186' title='bbox 728 2128 763 2191; x_wconf 84' lang='grc' dir='ltr'><em>δὲ</em></span> <span class='ocrx_word' id='word_1_187' title='bbox 787 2133 906 2191; x_wconf 90' lang='grc' dir='ltr'><em>τούτου</em></span> <span class='ocrx_word' id='word_1_188' title='bbox 927 2133 1026 2215; x_wconf 84' lang='grc' dir='ltr'><em>χάριν</em></span> <span class='ocrx_word' id='word_1_189' title='bbox 1048 2132 1212 2213; x_wconf 77' lang='grc' dir='ltr'><em>γίγνεται,</em></span> <span class='ocrx_word' id='word_1_190' title='bbox 1243 2131 1261 2192; x_wconf 88' lang='grc' dir='ltr'><em>δ</em></span> <span class='ocrx_word' id='word_1_191' title='bbox 1289 2129 1339 2212; x_wconf 72' lang='grc' dir='ltr'><em>τῷ</em></span> <span class='ocrx_word' id='word_1_192' title='bbox 1371 2134 1481 2196; x_wconf 89' lang='grc' dir='ltr'><em>παντί</em></span> 
     </span>
     <span class='ocr_line' id='line_1_19' title="bbox 142 2224 1480 2318; baseline 0 -22"><span class='ocrx_word' id='word_1_193' title='bbox 142 2236 201 2298; x_wconf 85' lang='grc'><strong>136</strong></span> <span class='ocrx_word' id='word_1_194' title='bbox 218 2230 424 2317; x_wconf 90' lang='grc' dir='ltr'><em>λυπρότερόν</em></span> <span class='ocrx_word' id='word_1_195' title='bbox 457 2234 531 2293; x_wconf 76' lang='grc' dir='ltr'><em>ἐστι</em></span> <span class='ocrx_word' id='word_1_196' title='bbox 558 2240 620 2292; x_wconf 80' lang='grc' dir='ltr'><em>τοῦ</em></span> <span class='ocrx_word' id='word_1_197' title='bbox 646 2224 750 2311; x_wconf 86' lang='grc' dir='ltr'><em>μόνον</em></span> <span class='ocrx_word' id='word_1_198' title='bbox 780 2233 1063 2316; x_wconf 86' lang='grc' dir='ltr'><em>ἀποστερεῖσθαι.</em></span> <span class='ocrx_word' id='word_1_199' title='bbox 1111 2227 1177 2315; x_wconf 82' lang='grc' dir='ltr'><em>[καί</em></span> <span class='ocrx_word' id='word_1_200' title='bbox 1204 2234 1269 2318; x_wconf 75' lang='grc' dir='ltr'><em>μὴν</em></span> <span class='ocrx_word' id='word_1_201' title='bbox 1298 2234 1415 2296; x_wconf 83' lang='grc' dir='ltr'><em>ἐκεῖνό</em></span> <span class='ocrx_word' id='word_1_202' title='bbox 1445 2255 1480 2316; x_wconf 83' lang='grc' dir='ltr'><em>χε</em></span> 
     </span>
     <span class='ocr_line' id='line_1_20' title="bbox 218 2325 1480 2419; baseline 0.002 -23"><span class='ocrx_word' id='word_1_203' title='bbox 218 2331 326 2407; x_wconf 81' lang='grc' dir='ltr'><em>οὐδεὶς</em></span> <span class='ocrx_word' id='word_1_204' title='bbox 349 2335 467 2415; x_wconf 75' lang='grc' dir='ltr'><em>ἀγνοεῖ</em></span> <span class='ocrx_word' id='word_1_205' title='bbox 486 2330 678 2417; x_wconf 82' lang='grc' dir='ltr'><em>δήπουθεν,</em></span> <span class='ocrx_word' id='word_1_206' title='bbox 709 2337 776 2415; x_wconf 85' lang='grc' dir='ltr'><em>όσφ</em></span> <span class='ocrx_word' id='word_1_207' title='bbox 803 2331 899 2396; x_wconf 86' lang='grc' dir='ltr'><em>δοκεῖ</em></span> <span class='ocrx_word' id='word_1_208' title='bbox 913 2331 1152 2419; x_wconf 90' lang='grc' dir='ltr'><em>χαλεπώτερον</em></span> <span class='ocrx_word' id='word_1_209' title='bbox 1174 2336 1212 2396; x_wconf 87' lang='grc' dir='ltr'><em>τό</em></span> <span class='ocrx_word' id='word_1_210' title='bbox 1237 2325 1287 2396; x_wconf 82' lang='grc' dir='ltr'><em>δι’</em></span> <span class='ocrx_word' id='word_1_211' title='bbox 1314 2332 1424 2398; x_wconf 90' lang='grc' dir='ltr'><em>ἀλλον</em></span> <span class='ocrx_word' id='word_1_212' title='bbox 1447 2357 1480 2398; x_wconf 87' lang='grc' dir='ltr'><em>τι</em></span> 
     </span>
    </p>
   </div>
   <div class='ocr_carea' id='block_1_4' title="bbox 139 2427 1528 3336">
    <p class='ocr_par' dir='ltr' id='par_1_4' title="bbox 139 2427 1528 3336">
     <span class='ocr_line' id='line_1_21' title="bbox 217 2427 1522 2516; baseline -0.002 -20"><span class='ocrx_word' id='word_1_213' title='bbox 217 2438 360 2515; x_wconf 85' lang='grc' dir='ltr'><em>πάσχειν</em></span> <span class='ocrx_word' id='word_1_214' title='bbox 383 2442 445 2495; x_wconf 82' lang='grc' dir='ltr'><em>τοῦ</em></span> <span class='ocrx_word' id='word_1_215' title='bbox 466 2427 513 2496; x_wconf 79' lang='grc' dir='ltr'><em>δι’</em></span> <span class='ocrx_word' id='word_1_216' title='bbox 540 2437 649 2497; x_wconf 83' lang='grc' dir='ltr'><em>αὐτόν.</em></span> <span class='ocrx_word' id='word_1_217' title='bbox 703 2436 819 2496; x_wconf 82' lang='grc' dir='ltr'><em>ούκούν</em></span> <span class='ocrx_word' id='word_1_218' title='bbox 842 2439 878 2497; x_wconf 80' lang='grc' dir='ltr'><em>ἐκ</em></span> <span class='ocrx_word' id='word_1_219' title='bbox 897 2439 958 2516; x_wconf 85' lang='grc' dir='ltr'><em>μὲν</em></span> <span class='ocrx_word' id='word_1_220' title='bbox 980 2444 1042 2498; x_wconf 79' lang='grc' dir='ltr'><em>τοῦ</em></span> <span class='ocrx_word' id='word_1_221' title='bbox 1062 2440 1166 2516; x_wconf 92' lang='grc' dir='ltr'><em>νόμου</em></span> <span class='ocrx_word' id='word_1_222' title='bbox 1191 2436 1399 2516; x_wconf 77' lang='grc' dir='ltr'><em>συνέβαινεν,</em></span> <span class='ocrx_word' id='word_1_223' title='bbox 1426 2439 1522 2499; x_wconf 84' lang='grc' dir='ltr'><strong>ίνα11</strong></span> 
     </span>
     <span class='ocr_line' id='line_1_22' title="bbox 215 2533 1479 2623; baseline 0.002 -25"><span class='ocrx_word' id='word_1_224' title='bbox 215 2539 259 2623; x_wconf 84' lang='grc' dir='ltr'><em>μή</em></span> <span class='ocrx_word' id='word_1_225' title='bbox 276 2557 365 2612; x_wconf 87' lang='grc' dir='ltr'><em>τινες</em></span> <span class='ocrx_word' id='word_1_226' title='bbox 387 2538 491 2616; x_wconf 86' lang='grc' dir='ltr'><em>έχωσι</em></span> <span class='ocrx_word' id='word_1_227' title='bbox 505 2533 565 2612; x_wconf 87' lang='grc' dir='ltr'><em>τὰς</em></span> <span class='ocrx_word' id='word_1_228' title='bbox 589 2533 751 2612; x_wconf 86' lang='grc' dir='ltr'><em>ἀτελείας,</em></span> <span class='ocrx_word' id='word_1_229' title='bbox 776 2539 855 2620; x_wconf 82' lang='grc' dir='ltr'><em>περὶ</em></span> <span class='ocrx_word' id='word_1_230' title='bbox 878 2536 924 2598; x_wconf 85' lang='grc' dir='ltr'><em>ὥν</em></span> <span class='ocrx_word' id='word_1_231' title='bbox 947 2539 993 2612; x_wconf 85' lang='grc' dir='ltr'><em>ὡς</em></span> <span class='ocrx_word' id='word_1_232' title='bbox 1015 2535 1162 2614; x_wconf 84' lang='grc' dir='ltr'><em>ἀναξίων</em></span> <span class='ocrx_word' id='word_1_233' title='bbox 1180 2535 1300 2620; x_wconf 75' lang='grc' dir='ltr'><em>ἔλεγεν,</em></span> <span class='ocrx_word' id='word_1_234' title='bbox 1324 2536 1479 2601; x_wconf 80' lang='grc' dir='ltr'><em>ἀποδοῖ-</em></span> 
     </span>
     <span class='ocr_line' id='line_1_23' title="bbox 216 2630 1528 2723; baseline -0.001 -20"><span class='ocrx_word' id='word_1_235' title='bbox 216 2662 272 2703; x_wconf 91' lang='grc' dir='ltr'><em>ναι</em></span> <span class='ocrx_word' id='word_1_236' title='bbox 294 2642 373 2714; x_wconf 92' lang='grc' dir='ltr'><em>τούς</em></span> <span class='ocrx_word' id='word_1_237' title='bbox 396 2637 554 2714; x_wconf 86' lang='grc' dir='ltr'><em>λοιπούς·</em></span> <span class='ocrx_word' id='word_1_238' title='bbox 577 2641 612 2700; x_wconf 84' lang='grc' dir='ltr'><em>ἐκ</em></span> <span class='ocrx_word' id='word_1_239' title='bbox 636 2636 671 2700; x_wconf 81' lang='grc' dir='ltr'><em>δὲ</em></span> <span class='ocrx_word' id='word_1_240' title='bbox 695 2646 756 2700; x_wconf 83' lang='grc' dir='ltr'><em>τού</em></span> <span class='ocrx_word' id='word_1_241' title='bbox 777 2630 859 2723; x_wconf 80' lang='grc' dir='ltr'><em>παρ’</em></span> <span class='ocrx_word' id='word_1_242' title='bbox 884 2641 962 2718; x_wconf 92' lang='grc' dir='ltr'><em>ύμῖν</em></span> <span class='ocrx_word' id='word_1_243' title='bbox 985 2640 1105 2716; x_wconf 81' lang='grc' dir='ltr'><em>ἔθους,</em></span> <span class='ocrx_word' id='word_1_244' title='bbox 1135 2631 1179 2704; x_wconf 82' lang='grc' dir='ltr'><em>ἶν’</em></span> <span class='ocrx_word' id='word_1_245' title='bbox 1205 2636 1305 2703; x_wconf 87' lang='grc' dir='ltr'><em>ἀλλοι</em></span> <span class='ocrx_word' id='word_1_246' title='bbox 1329 2637 1474 2721; x_wconf 78' lang='grc' dir='ltr'><em>λάβωσι,</em></span> <span class='ocrx_word' id='word_1_247' title='bbox 1489 2651 1528 2702; x_wconf 77' lang='lat'><em>(³⁶2</em></span> 
     </span>
     <span class='ocr_line' id='line_1_24' title="bbox 139 2739 1474 2825; baseline -0.003 -18"><span class='ocrx_word' id='word_1_248' title='bbox 139 2747 199 2808; x_wconf 78' lang='lat'><em>137</em></span> <span class='ocrx_word' id='word_1_249' title='bbox 215 2746 294 2818; x_wconf 88' lang='grc' dir='ltr'><em>τούς</em></span> <span class='ocrx_word' id='word_1_250' title='bbox 322 2745 459 2822; x_wconf 88' lang='grc' dir='ltr'><em>έχοντας</em></span> <span class='ocrx_word' id='word_1_251' title='bbox 490 2742 765 2825; x_wconf 88' lang='grc' dir='ltr'><em>ἀποστερεῖσθαι</em></span> <span class='ocrx_word' id='word_1_252' title='bbox 791 2743 948 2823; x_wconf 79' lang='grc' dir='ltr'><em>χίχνεται.</em></span> <span class='ocrx_word' id='word_1_253' title='bbox 994 2741 1041 2825; x_wconf 75' lang='grc' dir='ltr'><em>τῴ</em></span> <span class='ocrx_word' id='word_1_254' title='bbox 1071 2744 1175 2805; x_wconf 89' lang='grc' dir='ltr'><em>παντί</em></span> <span class='ocrx_word' id='word_1_255' title='bbox 1204 2739 1240 2804; x_wconf 79' lang='grc' dir='ltr'><em>δὲ</em></span> <span class='ocrx_word' id='word_1_256' title='bbox 1270 2749 1368 2805; x_wconf 85' lang='grc' dir='ltr'><em>τούτο</em></span> <span class='ocrx_word' id='word_1_257' title='bbox 1396 2748 1474 2817; x_wconf 91' lang='grc' dir='ltr'><em>τοῖς</em></span> 
     </span>
     <span class='ocr_line' id='line_1_25' title="bbox 219 2835 1475 2929; baseline 0 -23"><span class='ocrx_word' id='word_1_258' title='bbox 219 2849 390 2924; x_wconf 90' lang='grc' dir='ltr'><em>πάσχουσι</em></span> <span class='ocrx_word' id='word_1_259' title='bbox 411 2838 617 2928; x_wconf 76' lang='grc' dir='ltr'><em>βαρύτερον]</em></span> <span class='ocrx_word' id='word_1_260' title='bbox 656 2844 687 2905; x_wconf 93' lang='grc' dir='ltr'><em>εί</em></span> <span class='ocrx_word' id='word_1_261' title='bbox 708 2844 820 2904; x_wconf 90' lang='grc' dir='ltr'><em>τοίνυν</em></span> <span class='ocrx_word' id='word_1_262' title='bbox 839 2835 896 2929; x_wconf 76' lang='grc' dir='ltr'><em>ἐφ’</em></span> <span class='ocrx_word' id='word_1_263' title='bbox 923 2844 969 2905; x_wconf 78' lang='grc' dir='ltr'><em>ὧν</em></span> <span class='ocrx_word' id='word_1_264' title='bbox 992 2841 1140 2924; x_wconf 88' lang='grc' dir='ltr'><em>μάλιστα</em></span> <span class='ocrx_word' id='word_1_265' title='bbox 1164 2846 1345 2927; x_wconf 80' lang='grc' dir='ltr'><em>ἀναγκαῖόν</em></span> <span class='ocrx_word' id='word_1_266' title='bbox 1365 2845 1475 2922; x_wconf 73' lang='grc' dir='ltr'><em>ἐστιν,</em></span> 
     </span>
     <span class='ocr_line' id='line_1_26' title="bbox 217 2942 1521 3026; baseline -0.002 -18"><span class='ocrx_word' id='word_1_267' title='bbox 217 2949 276 3008; x_wconf 83' lang='grc' dir='ltr'><em>έπί</em></span> <span class='ocrx_word' id='word_1_268' title='bbox 305 2949 432 3008; x_wconf 90' lang='grc' dir='ltr'><em>τούτων</em></span> <span class='ocrx_word' id='word_1_269' title='bbox 461 2942 619 3026; x_wconf 90' lang='grc' dir='ltr'><em>βούλοιτό</em></span> <span class='ocrx_word' id='word_1_270' title='bbox 648 2966 701 3019; x_wconf 91' lang='grc' dir='ltr'><em>τις</em></span> <span class='ocrx_word' id='word_1_271' title='bbox 725 2942 825 3022; x_wconf 88' lang='grc' dir='ltr'><em>ίδεῖν,</em></span> <span class='ocrx_word' id='word_1_272' title='bbox 855 2947 950 3020; x_wconf 92' lang='grc' dir='ltr'><em>τίνας</em></span> <span class='ocrx_word' id='word_1_273' title='bbox 979 2943 1094 3008; x_wconf 90' lang='grc' dir='ltr'><em>ἀδικεῖ</em></span> <span class='ocrx_word' id='word_1_274' title='bbox 1117 2954 1216 3008; x_wconf 84' lang='grc' dir='ltr'><em>τοῦτο</em></span> <span class='ocrx_word' id='word_1_275' title='bbox 1246 2949 1285 3008; x_wconf 88' lang='grc' dir='ltr'><em>τό</em></span> <span class='ocrx_word' id='word_1_276' title='bbox 1309 2946 1397 3020; x_wconf 80' lang='grc' dir='ltr'><em>ἔθος</em></span> <span class='ocrx_word' id='word_1_277' title='bbox 1419 2947 1521 3008; x_wconf 73' lang='grc' dir='ltr'><em>καίιί</em></span> 
     </span>
     <span class='ocr_line' id='line_1_27' title="bbox 216 3043 1476 3134; baseline 0.002 -26"><span class='ocrx_word' id='word_1_278' title='bbox 216 3049 311 3122; x_wconf 93' lang='grc' dir='ltr'><em>τίνας</em></span> <span class='ocrx_word' id='word_1_279' title='bbox 340 3044 457 3128; x_wconf 83' lang='grc' dir='ltr'><em>ἔμελλε</em></span> <span class='ocrx_word' id='word_1_280' title='bbox 487 3043 650 3131; x_wconf 80' lang='grc' dir='ltr'><em>λυπήσειν</em></span> <span class='ocrx_word' id='word_1_281' title='bbox 678 3049 805 3121; x_wconf 76' lang='grc' dir='ltr'><em>ἐκεῖνος</em></span> <span class='ocrx_word' id='word_1_282' title='bbox 835 3049 853 3107; x_wconf 94' lang='grc' dir='ltr'><em>ό</em></span> <span class='ocrx_word' id='word_1_283' title='bbox 884 3053 1002 3129; x_wconf 90' lang='grc' dir='ltr'><em>νόμος,</em></span> <span class='ocrx_word' id='word_1_284' title='bbox 1033 3045 1169 3133; x_wconf 87' lang='grc' dir='ltr'><em>ἀφελὼν</em></span> <span class='ocrx_word' id='word_1_285' title='bbox 1198 3051 1277 3123; x_wconf 88' lang='grc' dir='ltr'><em>τούς</em></span> <span class='ocrx_word' id='word_1_286' title='bbox 1298 3049 1344 3134; x_wconf 78' lang='grc' dir='ltr'><em>μὴ</em></span> <span class='ocrx_word' id='word_1_287' title='bbox 1367 3051 1476 3127; x_wconf 90' lang='grc' dir='ltr'><em>μόνον</em></span> 
     </span>
     <span class='ocr_line' id='line_1_28' title="bbox 217 3145 1475 3235; baseline 0.001 -25"><span class='ocrx_word' id='word_1_288' title='bbox 217 3151 354 3228; x_wconf 82' lang='grc' dir='ltr'><em>ἔχοντας</em></span> <span class='ocrx_word' id='word_1_289' title='bbox 370 3146 534 3225; x_wconf 88' lang='grc' dir='ltr'><em>ἀτέλειαν,</em></span> <span class='ocrx_word' id='word_1_290' title='bbox 550 3145 635 3210; x_wconf 88' lang='grc' dir='ltr'><em>ἀλλά</em></span> <span class='ocrx_word' id='word_1_291' title='bbox 650 3150 707 3212; x_wconf 92' lang='grc' dir='ltr'><em>καί</em></span> <span class='ocrx_word' id='word_1_292' title='bbox 722 3158 781 3235; x_wconf 82' lang='grc' dir='ltr'><em>τῆς</em></span> <span class='ocrx_word' id='word_1_293' title='bbox 797 3150 926 3224; x_wconf 89' lang='grc' dir='ltr'><em>είκόνος</em></span> <span class='ocrx_word' id='word_1_294' title='bbox 941 3153 1170 3234; x_wconf 79' lang='grc' dir='ltr'><em>τετυχηκότας,</em></span> <span class='ocrx_word' id='word_1_295' title='bbox 1195 3153 1281 3212; x_wconf 83' lang='grc' dir='ltr'><em>οὕτω</em></span> <span class='ocrx_word' id='word_1_296' title='bbox 1300 3151 1475 3211; x_wconf 90' lang='grc' dir='ltr'><em>σκοπείτω</em></span> 
     </span>
     <span class='ocr_line' id='line_1_29' title="bbox 216 3248 1476 3336; baseline 0 -23"><span class='ocrx_word' id='word_1_297' title='bbox 216 3253 295 3326; x_wconf 89' lang='grc' dir='ltr'><em>τούς</em></span> <span class='ocrx_word' id='word_1_298' title='bbox 318 3249 460 3326; x_wconf 89' lang='grc' dir='ltr'><em>λοιπούς</em></span> <span class='ocrx_word' id='word_1_299' title='bbox 483 3256 657 3336; x_wconf 79' lang='grc' dir='ltr'><em>ἑκατέρων.</em></span> <span class='ocrx_word' id='word_1_300' title='bbox 697 3249 792 3312; x_wconf 88' lang='grc' dir='ltr'><em>ούτοι</em></span> <span class='ocrx_word' id='word_1_301' title='bbox 808 3253 869 3332; x_wconf 83' lang='grc' dir='ltr'><em>μὲν</em></span> <span class='ocrx_word' id='word_1_302' title='bbox 892 3252 953 3336; x_wconf 81' lang='grc' dir='ltr'><em>γάρ</em></span> <span class='ocrx_word' id='word_1_303' title='bbox 970 3255 1098 3335; x_wconf 88' lang='grc' dir='ltr'><em>τρόπον</em></span> <span class='ocrx_word' id='word_1_304' title='bbox 1121 3253 1196 3314; x_wconf 88' lang='grc' dir='ltr'><em>τινά</em></span> <span class='ocrx_word' id='word_1_305' title='bbox 1221 3248 1296 3313; x_wconf 82' lang='grc' dir='ltr'><em>ούδέ</em></span> <span class='ocrx_word' id='word_1_306' title='bbox 1320 3252 1476 3330; x_wconf 85' lang='grc' dir='ltr'><em>ἔπασχον</em></span> 
     </span>
    </p>
   </div>
   <div class='ocr_carea' id='block_1_5' title="bbox 213 3459 1479 4547">
    <p class='ocr_par' dir='ltr' id='par_1_5' title="bbox 213 3459 1479 4547">
     <span class='ocr_line' id='line_1_30' title="bbox 303 3459 1478 3540; baseline -0.002 -18"><span class='ocrx_word' id='word_1_307' title='bbox 303 3471 315 3522; x_wconf 88' lang='grc'><strong>1</strong></span> <span class='ocrx_word' id='word_1_308' title='bbox 335 3460 458 3538; x_wconf 88' lang='grc' dir='ltr'><em>αἰσχρὸν</em></span> <span class='ocrx_word' id='word_1_309' title='bbox 474 3459 532 3540; x_wconf 80' lang='grc' dir='ltr'><em>γὰρ</em></span> <span class='ocrx_word' id='word_1_310' title='bbox 549 3464 573 3520; x_wconf 90' lang='lat' dir='ltr'>U</span> <span class='ocrx_word' id='word_1_311' title='bbox 643 3465 767 3540; x_wconf 86' lang='grc' dir='ltr'><em>αἰσχροῦ</em></span> <span class='ocrx_word' id='word_1_312' title='bbox 783 3497 816 3505; x_wconf 95' lang='grc'><strong>-</strong></span> <span class='ocrx_word' id='word_1_313' title='bbox 832 3469 983 3539; x_wconf 80' lang='grc' dir='ltr'><em>συμβαίνει</em></span> <span class='ocrx_word' id='word_1_314' title='bbox 999 3467 1193 3522; x_wconf 75' lang='lat' dir='ltr'><em>sententiarum</em></span> <span class='ocrx_word' id='word_1_315' title='bbox 1211 3480 1345 3521; x_wconf 84' lang='lat' dir='ltr'><em>conexum</em></span> <span class='ocrx_word' id='word_1_316' title='bbox 1366 3468 1478 3534; x_wconf 83' lang='lat' dir='ltr'><em>pertur-</em></span> 
     </span>
     <span class='ocr_line' id='line_1_31' title="bbox 215 3544 1478 3627; baseline 0 -19"><span class='ocrx_word' id='word_1_317' title='bbox 215 3554 282 3608; x_wconf 84' lang='lat' dir='ltr'><strong>bant</strong></span> <span class='ocrx_word' id='word_1_318' title='bbox 333 3551 514 3624; x_wconf 79' lang='grc' dir='ltr'><em>2έχίνετοΒ</em></span> <span class='ocrx_word' id='word_1_319' title='bbox 566 3557 681 3608; x_wconf 85' lang='grc' dir='ltr'><em>4τινοσ</em></span> <span class='ocrx_word' id='word_1_320' title='bbox 693 3551 724 3618; x_wconf 88' lang='grc' dir='ltr'><em>Β,</em></span> <span class='ocrx_word' id='word_1_321' title='bbox 742 3569 825 3608; x_wconf 89' lang='grc' dir='ltr'><em>τινασ</em></span> <span class='ocrx_word' id='word_1_322' title='bbox 837 3551 915 3607; x_wconf 85' lang='lat' dir='ltr'><em>UMT</em></span> <span class='ocrx_word' id='word_1_323' title='bbox 967 3545 1154 3627; x_wconf 79' lang='grc' dir='ltr'><em>ἀφαιρεῖσθαι</em></span> <span class='ocrx_word' id='word_1_324' title='bbox 1167 3551 1220 3604; x_wconf 86' lang='grc' dir='ltr'><em>ΒΜ</em></span> <span class='ocrx_word' id='word_1_325' title='bbox 1272 3544 1341 3606; x_wconf 68' lang='grc' dir='ltr'><em>ἀπὸ</em></span> <span class='ocrx_word' id='word_1_326' title='bbox 1356 3565 1410 3618; x_wconf 86' lang='lat' dir='ltr'><em>pro</em></span> <span class='ocrx_word' id='word_1_327' title='bbox 1423 3553 1478 3608; x_wconf 80' lang='grc' dir='ltr'><em>τοῦ</em></span> 
     </span>
     <span class='ocr_line' id='line_1_32' title="bbox 215 3627 1478 3707; baseline -0.003 -11"><span class='ocrx_word' id='word_1_328' title='bbox 215 3638 288 3696; x_wconf 88' lang='lat' dir='ltr'><em>UBT</em></span> <span class='ocrx_word' id='word_1_329' title='bbox 375 3631 538 3707; x_wconf 75' lang='grc' dir='ltr'><em>’ίαύτίχνΤ</em></span> <span class='ocrx_word' id='word_1_330' title='bbox 612 3639 661 3693; x_wconf 87' lang='grc' dir='ltr'><em>καί</em></span> <span class='ocrx_word' id='word_1_331' title='bbox 678 3631 713 3693; x_wconf 85' lang='grc' dir='ltr'><em>τὸ</em></span> <span class='ocrx_word' id='word_1_332' title='bbox 729 3633 832 3707; x_wconf 88' lang='grc' dir='ltr'><em>χεῖρόν</em></span> <span class='ocrx_word' id='word_1_333' title='bbox 849 3636 878 3690; x_wconf 87' lang='grc' dir='ltr'><strong>Μ</strong></span> <span class='ocrx_word' id='word_1_334' title='bbox 956 3627 1170 3693; x_wconf 77' lang='grc' dir='ltr'><em>8κεκωλύσθαι</em></span> <span class='ocrx_word' id='word_1_335' title='bbox 1187 3634 1288 3690; x_wconf 82' lang='lat' dir='ltr'>Reiske</span> <span class='ocrx_word' id='word_1_336' title='bbox 1361 3639 1392 3689; x_wconf 83' lang='lat'><em>11</em></span> <span class='ocrx_word' id='word_1_337' title='bbox 1413 3632 1478 3692; x_wconf 79' lang='grc' dir='ltr'><em>ἐπεὶ</em></span> 
     </span>
     <span class='ocr_line' id='line_1_33' title="bbox 215 3712 1477 3793; baseline -0.004 -12"><span class='ocrx_word' id='word_1_338' title='bbox 215 3725 245 3781; x_wconf 75' lang='grc' dir='ltr'><em>δὲ</em></span> <span class='ocrx_word' id='word_1_339' title='bbox 264 3723 292 3775; x_wconf 86' lang='grc' dir='ltr'><strong>Μ</strong></span> <span class='ocrx_word' id='word_1_340' title='bbox 377 3719 466 3780; x_wconf 83' lang='grc' dir='ltr'><em>τοῦτό</em></span> <span class='ocrx_word' id='word_1_341' title='bbox 484 3720 562 3780; x_wconf 82' lang='grc' dir='ltr'><em>ἐστιν</em></span> <span class='ocrx_word' id='word_1_342' title='bbox 574 3722 622 3776; x_wconf 88' lang='lat' dir='ltr'><em>UT</em></span> <span class='ocrx_word' id='word_1_343' title='bbox 708 3713 815 3777; x_wconf 86' lang='grc' dir='ltr'><em>αύτούσ</em></span> <span class='ocrx_word' id='word_1_344' title='bbox 833 3741 888 3791; x_wconf 88' lang='grc' dir='ltr'><em>περ</em></span> <span class='ocrx_word' id='word_1_345' title='bbox 900 3717 958 3793; x_wconf 83' lang='grc' dir='ltr'><em>ἀρα</em></span> <span class='ocrx_word' id='word_1_346' title='bbox 971 3721 1027 3777; x_wconf 87' lang='lat' dir='ltr'><em>UM</em></span> <span class='ocrx_word' id='word_1_347' title='bbox 1045 3712 1153 3777; x_wconf 85' lang='grc' dir='ltr'><em>αύτούσ</em></span> <span class='ocrx_word' id='word_1_348' title='bbox 1170 3739 1225 3792; x_wconf 87' lang='grc' dir='ltr'><em>περ</em></span> <span class='ocrx_word' id='word_1_349' title='bbox 1242 3715 1301 3791; x_wconf 79' lang='grc' dir='ltr'><em>ἄρα</em></span> <span class='ocrx_word' id='word_1_350' title='bbox 1318 3719 1381 3786; x_wconf 92' lang='grc' dir='ltr'><em>ΒΤ,</em></span> <span class='ocrx_word' id='word_1_351' title='bbox 1402 3735 1477 3776; x_wconf 82' lang='lat' dir='ltr'><strong>corr.</strong></span> 
     </span>
     <span class='ocr_line' id='line_1_34' title="bbox 215 3797 1477 3878; baseline 0 -16"><span class='ocrx_word' id='word_1_352' title='bbox 215 3809 312 3878; x_wconf 84' lang='lat' dir='ltr'><strong>Pflugk</strong></span> <span class='ocrx_word' id='word_1_353' title='bbox 367 3811 396 3862; x_wconf 83' lang='lat'><em>15</em></span> <span class='ocrx_word' id='word_1_354' title='bbox 414 3808 577 3877; x_wconf 82' lang='lat' dir='ltr'>praeferrem</span> <span class='ocrx_word' id='word_1_355' title='bbox 590 3803 641 3875; x_wconf 80' lang='grc' dir='ltr'><em>τὴν</em></span> <span class='ocrx_word' id='word_1_356' title='bbox 653 3804 753 3862; x_wconf 85' lang='grc' dir='ltr'><em>εἰκόνα</em></span> <span class='ocrx_word' id='word_1_357' title='bbox 808 3803 1060 3874; x_wconf 73' lang='grc' dir='ltr'><em>16ὃαδδ.Ρ11ιιςΙι,</em></span> <span class='ocrx_word' id='word_1_358' title='bbox 1078 3806 1156 3874; x_wconf 81' lang='grc' dir='ltr'><em>Εωρ.</em></span> <span class='ocrx_word' id='word_1_359' title='bbox 1209 3797 1238 3860; x_wconf 82' lang='grc' dir='ltr'><em>δ’</em></span> <span class='ocrx_word' id='word_1_360' title='bbox 1250 3805 1299 3860; x_wconf 87' lang='lat' dir='ltr'><em>UT</em></span> <span class='ocrx_word' id='word_1_361' title='bbox 1355 3808 1477 3877; x_wconf 80' lang='grc' dir='ltr'><em>11γίνε-</em></span> 
     </span>
     <span class='ocr_line' id='line_1_35' title="bbox 216 3886 1476 3964; baseline -0.006 -12"><span class='ocrx_word' id='word_1_362' title='bbox 216 3917 262 3952; x_wconf 83' lang='grc' dir='ltr'><em>ται</em></span> <span class='ocrx_word' id='word_1_363' title='bbox 281 3895 328 3950; x_wconf 89' lang='lat' dir='ltr'><em>UT</em></span> <span class='ocrx_word' id='word_1_364' title='bbox 382 3898 413 3947; x_wconf 84' lang='grc'><strong>18</strong></span> <span class='ocrx_word' id='word_1_365' title='bbox 431 3886 629 3964; x_wconf 81' lang='grc' dir='ltr'><em>λυπηρότερόν</em></span> <span class='ocrx_word' id='word_1_366' title='bbox 645 3891 694 3945; x_wconf 88' lang='grc' dir='ltr'><em>ΒΤ</em></span> <span class='ocrx_word' id='word_1_367' title='bbox 745 3886 867 3961; x_wconf 81' lang='grc' dir='ltr'><em>καὶμὴν</em></span> <span class='ocrx_word' id='word_1_368' title='bbox 884 3893 936 3944; x_wconf 85' lang='lat' dir='ltr'>ete.</span> <span class='ocrx_word' id='word_1_369' title='bbox 954 3894 1092 3959; x_wconf 79' lang='lat' dir='ltr'><strong>tamquam</strong></span> <span class='ocrx_word' id='word_1_370' title='bbox 1109 3905 1207 3944; x_wconf 85' lang='lat' dir='ltr'><strong>novum</strong></span> <span class='ocrx_word' id='word_1_371' title='bbox 1225 3892 1417 3958; x_wconf 79' lang='lat' dir='ltr'><strong>argumentum</strong></span> <span class='ocrx_word' id='word_1_372' title='bbox 1436 3892 1476 3945; x_wconf 92' lang='lat' dir='ltr'><em>in·</em></span> 
     </span>
     <span class='ocr_line' id='line_1_36' title="bbox 215 3968 1478 4046; baseline -0.002 -13"><span class='ocrx_word' id='word_1_373' title='bbox 215 3980 302 4034; x_wconf 89' lang='lat' dir='ltr'>fertur</span> <span class='ocrx_word' id='word_1_374' title='bbox 320 3995 363 4034; x_wconf 80' lang='lat' dir='ltr'><em>res</em></span> <span class='ocrx_word' id='word_1_375' title='bbox 382 3977 559 4034; x_wconf 84' lang='lat' dir='ltr'>antecedente</span> <span class='ocrx_word' id='word_1_376' title='bbox 572 3975 710 4030; x_wconf 81' lang='lat' dir='ltr'>enuntiato</span> <span class='ocrx_word' id='word_1_377' title='bbox 723 3975 867 4044; x_wconf 79' lang='lat' dir='ltr'>explicatu,</span> <span class='ocrx_word' id='word_1_378' title='bbox 885 3991 948 4030; x_wconf 80' lang='lat' dir='ltr'><em>num</em></span> <span class='ocrx_word' id='word_1_379' title='bbox 967 3969 1194 4044; x_wconf 75' lang='grc' dir='ltr'><em>ἀποστερεῖσθαι</em></span> <span class='ocrx_word' id='word_1_380' title='bbox 1210 3971 1258 4032; x_wconf 73' lang='grc' dir='ltr'><em>ἵνα</em></span> <span class='ocrx_word' id='word_1_381' title='bbox 1277 3968 1369 4030; x_wconf 85' lang='grc' dir='ltr'><em>ἀλλοσ</em></span> <span class='ocrx_word' id='word_1_382' title='bbox 1387 3969 1478 4046; x_wconf 76' lang='grc' dir='ltr'><em>λάβῃ,</em></span> 
     </span>
     <span class='ocr_line' id='line_1_37' title="bbox 215 4050 1479 4132; baseline -0.002 -14"><span class='ocrx_word' id='word_1_383' title='bbox 215 4066 267 4120; x_wconf 83' lang='lat' dir='ltr'><em>huc</em></span> <span class='ocrx_word' id='word_1_384' title='bbox 281 4070 353 4119; x_wconf 86' lang='lat' dir='ltr'>certe</span> <span class='ocrx_word' id='word_1_385' title='bbox 366 4069 421 4118; x_wconf 80' lang='lat' dir='ltr'>eet:</span> <span class='ocrx_word' id='word_1_386' title='bbox 435 4055 473 4120; x_wconf 80' lang='grc' dir='ltr'><em>δι’</em></span> <span class='ocrx_word' id='word_1_387' title='bbox 485 4058 590 4127; x_wconf 82' lang='grc' dir='ltr'><em>ἀλλους</em></span> <span class='ocrx_word' id='word_1_388' title='bbox 601 4056 735 4132; x_wconf 83' lang='grc' dir='ltr'><em>πάσχειν;</em></span> <span class='ocrx_word' id='word_1_389' title='bbox 756 4060 837 4116; x_wconf 84' lang='lat' dir='ltr'>etiam</span> <span class='ocrx_word' id='word_1_390' title='bbox 850 4054 956 4118; x_wconf 75' lang='grc' dir='ltr'><em>οὐκοῦν</em></span> <span class='ocrx_word' id='word_1_391' title='bbox 967 4060 1075 4126; x_wconf 83' lang='lat' dir='ltr'><strong>fulsum,</strong></span> <span class='ocrx_word' id='word_1_392' title='bbox 1093 4077 1156 4116; x_wconf 85' lang='lat' dir='ltr'><em>num</em></span> <span class='ocrx_word' id='word_1_393' title='bbox 1173 4063 1301 4128; x_wconf 83' lang='lat' dir='ltr'><em>utrosque</em></span> <span class='ocrx_word' id='word_1_394' title='bbox 1314 4050 1354 4113; x_wconf 80' lang='grc' dir='ltr'><em>δι’</em></span> <span class='ocrx_word' id='word_1_395' title='bbox 1368 4053 1479 4126; x_wconf 76' lang='grc' dir='ltr'><em>ἄλλους</em></span> 
     </span>
     <span class='ocr_line' id='line_1_38' title="bbox 214 4139 1478 4221; baseline -0.007 -13"><span class='ocrx_word' id='word_1_396' title='bbox 214 4146 336 4221; x_wconf 84' lang='grc' dir='ltr'><em>πάσχειν</em></span> <span class='ocrx_word' id='word_1_397' title='bbox 353 4150 493 4218; x_wconf 81' lang='lat' dir='ltr'>sequentia</span> <span class='ocrx_word' id='word_1_398' title='bbox 510 4146 634 4203; x_wconf 85' lang='lat' dir='ltr'>efficiunt</span> <span class='ocrx_word' id='word_1_399' title='bbox 687 4152 718 4201; x_wconf 84' lang='grc'><strong>19</strong></span> <span class='ocrx_word' id='word_1_400' title='bbox 737 4140 801 4204; x_wconf 79' lang='grc' dir='ltr'><em>οὐδ’</em></span> <span class='ocrx_word' id='word_1_401' title='bbox 821 4141 958 4219; x_wconf 77' lang='grc' dir='ltr'><em>ἀγνοεῑῐί</em></span> <span class='ocrx_word' id='word_1_402' title='bbox 977 4140 1040 4204; x_wconf 75' lang='grc' dir='ltr'><em>οὐδ’</em></span> <span class='ocrx_word' id='word_1_403' title='bbox 1059 4139 1232 4218; x_wconf 80' lang='grc' dir='ltr'><em>ἀγνοεῖτεΤ</em></span> <span class='ocrx_word' id='word_1_404' title='bbox 1283 4143 1373 4198; x_wconf 86' lang='lat' dir='ltr'><strong>locum</strong></span> <span class='ocrx_word' id='word_1_405' title='bbox 1391 4141 1478 4199; x_wconf 83' lang='lat' dir='ltr'>inter·</span> 
     </span>
     <span class='ocr_line' id='line_1_39' title="bbox 213 4226 1424 4304; baseline -0.004 -15"><span class='ocrx_word' id='word_1_406' title='bbox 213 4237 336 4303; x_wconf 80' lang='lat' dir='ltr'><strong>polutum</strong></span> <span class='ocrx_word' id='word_1_407' title='bbox 354 4251 409 4289; x_wconf 90' lang='lat' dir='ltr'><em>non</em></span> <span class='ocrx_word' id='word_1_408' title='bbox 427 4235 540 4304; x_wconf 83' lang='lat' dir='ltr'>expedio</span> <span class='ocrx_word' id='word_1_409' title='bbox 619 4237 651 4286; x_wconf 80' lang='lat'><em>20</em></span> <span class='ocrx_word' id='word_1_410' title='bbox 671 4226 776 4289; x_wconf 85' lang='grc' dir='ltr'><em>ούκοῦν</em></span> <span class='ocrx_word' id='word_1_411' title='bbox 795 4235 847 4288; x_wconf 87' lang='lat' dir='ltr'>ete.</span> <span class='ocrx_word' id='word_1_412' title='bbox 883 4235 950 4286; x_wconf 81' lang='lat' dir='ltr'>haee</span> <span class='ocrx_word' id='word_1_413' title='bbox 968 4248 1030 4287; x_wconf 86' lang='lat' dir='ltr'><em>eum</em></span> <span class='ocrx_word' id='word_1_414' title='bbox 1053 4230 1274 4286; x_wconf 81' lang='lat' dir='ltr'>antecedentibus</span> <span class='ocrx_word' id='word_1_415' title='bbox 1296 4232 1424 4298; x_wconf 79' lang='lat' dir='ltr'>pugnant</span> 
     </span>
     <span class='ocr_line' id='line_1_40' title="bbox 214 4306 1478 4389; baseline -0.002 -15"><span class='ocrx_word' id='word_1_416' title='bbox 214 4326 245 4375; x_wconf 83' lang='lat'><em>21</em></span> <span class='ocrx_word' id='word_1_417' title='bbox 266 4316 426 4379; x_wconf 83' lang='grc' dir='ltr'><em>ἀποδοῦναι</em></span> <span class='ocrx_word' id='word_1_418' title='bbox 448 4321 584 4389; x_wconf 85' lang='lat' dir='ltr'><em>ineptum,</em></span> <span class='ocrx_word' id='word_1_419' title='bbox 608 4311 767 4376; x_wconf 80' lang='grc' dir='ltr'><em>ἀπολλύναι</em></span> <span class='ocrx_word' id='word_1_420' title='bbox 791 4318 852 4373; x_wconf 86' lang='lat' dir='ltr'>coni</span> <span class='ocrx_word' id='word_1_421' title='bbox 878 4317 942 4372; x_wconf 88' lang='lat' dir='ltr'><strong>Wil.</strong></span> <span class='ocrx_word' id='word_1_422' title='bbox 1018 4320 1049 4370; x_wconf 83' lang='lat'><em>23</em></span> <span class='ocrx_word' id='word_1_423' title='bbox 1074 4317 1183 4387; x_wconf 83' lang='grc' dir='ltr'><em>γίνεται</em></span> <span class='ocrx_word' id='word_1_424' title='bbox 1203 4315 1251 4370; x_wconf 86' lang='grc' dir='ltr'><em>ΒΤ</em></span> <span class='ocrx_word' id='word_1_425' title='bbox 1327 4318 1360 4368; x_wconf 83' lang='grc'><em>24</em></span> <span class='ocrx_word' id='word_1_426' title='bbox 1384 4306 1478 4387; x_wconf 82' lang='grc' dir='ltr'><em>ἀναγ-</em></span> 
     </span>
     <span class='ocr_line' id='line_1_41' title="bbox 213 4397 1403 4475; baseline -0.01 -13"><span class='ocrx_word' id='word_1_427' title='bbox 213 4415 298 4462; x_wconf 90' lang='grc' dir='ltr'><em>καῖον</em></span> <span class='ocrx_word' id='word_1_428' title='bbox 316 4410 474 4475; x_wconf 85' lang='lat' dir='ltr'><strong>corruptum</strong></span> <span class='ocrx_word' id='word_1_429' title='bbox 492 4405 548 4472; x_wconf 77' lang='lat' dir='ltr'>ent3</span> <span class='ocrx_word' id='word_1_430' title='bbox 568 4403 689 4459; x_wconf 84' lang='lat' dir='ltr'>desidero</span> <span class='ocrx_word' id='word_1_431' title='bbox 707 4402 871 4475; x_wconf 87' lang='grc' dir='ltr'><em>καταφανές</em></span> <span class='ocrx_word' id='word_1_432' title='bbox 888 4399 967 4459; x_wconf 86' lang='grc' dir='ltr'><em>έστιν</em></span> <span class='ocrx_word' id='word_1_433' title='bbox 1052 4405 1083 4455; x_wconf 77' lang='grc'><strong>21</strong></span> <span class='ocrx_word' id='word_1_434' title='bbox 1102 4397 1173 4458; x_wconf 77' lang='grc' dir='ltr'><em>τοὺσ</em></span> <span class='ocrx_word' id='word_1_435' title='bbox 1190 4416 1240 4470; x_wconf 84' lang='lat' dir='ltr'><em>pro</em></span> <span class='ocrx_word' id='word_1_436' title='bbox 1258 4403 1311 4470; x_wconf 77' lang='grc' dir='ltr'><em>τῆσ</em></span> <span class='ocrx_word' id='word_1_437' title='bbox 1330 4397 1403 4453; x_wconf 90' lang='lat' dir='ltr'><em>UBT</em></span> 
     </span>
     <span class='ocr_line' id='line_1_42' title="bbox 215 4481 352 4547; baseline 0 -1"><span class='ocrx_word' id='word_1_438' title='bbox 215 4481 352 4547; x_wconf 77' lang='grc' dir='ltr'><em>ούτωσῐί</em></span> 
     </span>
    </p>
   </div>
   <div class='ocr_carea' id='block_1_6' title="bbox 0 0 1538 5160">
    <p class='ocr_par' dir='ltr' id='par_1_6' title="bbox 0 0 1538 5160">
     <span class='ocr_line' id='line_1_43' title="bbox 0 0 1538 5160; baseline 0 0"><span class='ocrx_word' id='word_1_439' title='bbox 0 0 1538 5160; x_wconf 95' lang='lat' dir='ltr'><em> </em></span> 
     </span>
    </p>
   </div>
  </div>
 </body>
</html>
