3068 5160
597 309 733 366 ORATIO
751 310 799 366 XL
1262 317 1322 377 149

66 485 201 569 γεσίας·
230 488 305 558 τοῖς
333 481 369 547 δὲ
391 488 591 570 ἡττημένοις
619 486 675 548 καί
695 493 805 560 κακῶς
828 489 1037 571 πράττουσιν
1061 489 1196 550 ἅπαντα
1219 498 1323 553 ταῦτα

67 587 192 672 ἀνάγκη
217 587 424 667 συμβαίνειν.
478 588 529 649 ἔτι
553 584 588 649 δὲ
611 590 689 663 τούς
716 590 777 668 μὲν
802 589 1035 673 φοβουμένους
1061 591 1118 652 καὶ
1141 593 1326 676 φεύγοντας
1343 594 1401 657 131

66 690 104 752 ἐκ
130 696 191 774 τῆς
220 685 390 769 πολεμίας
418 689 560 751 ἀπιέναι
589 691 648 775 τήν
683 690 859 774 ταχίστην·
894 683 984 773 [τούς
1014 688 1049 753 δὲ
1079 698 1242 768 νικῶντας
1270 696 1326 757 καί

67 787 330 855 διακινδυνεύειν
344 782 535 873 μένοντας]
558 793 637 865 τούς
653 788 688 853 δὲ
704 798 909 875 κρατοῦντας
930 794 987 855 καὶ
1009 796 1097 878 πρδς
1118 799 1192 869 τοῖς
1215 797 1325 859 αὐτῶν

31 894 203 973 ίίχοντας
231 899 394 955 τοσοῦτον
423 890 560 977 πλῆθος
590 890 811 972 αἰχμαλώτων
839 895 896 956 καὶ
921 897 1102 979 χρημάτων
1130 902 1325 979 περιμένειν

66 997 125 1081 τήν
147 991 411 1080 ἀσφαλεστάτην
435 995 541 1079 ὤραν,
572 996 630 1056 ἅτε
652 996 708 1056 καί
731 997 832 1081 αὐτῆς
861 1004 921 1080 τῆς
949 1005 1008 1081 γῆς
1035 1004 1240 1081 κρατοῦντας
1267 1002 1325 1063 καὶ

66 1092 198 1181 πολλήν
219 1097 382 1160 ἁπάντων
404 1097 580 1182 ἀφθονίαν
603 1097 755 1175 ἔχοντας,
786 1094 871 1159 άλλά
898 1100 942 1183 μή
974 1094 1052 1159 δέκα
1081 1099 1138 1183 έτη
1169 1103 1322 1185 περιμεί-

66 1218 190 1273 ναντας
212 1194 452 1284 διαφθαρῆναι
474 1189 560 1282 παρ’
586 1195 707 1280 όλίγον.
754 1200 849 1261 αἵτε
873 1197 961 1261 οίκοι
984 1204 1157 1284 συμφοραὶ
1177 1201 1322 1266 καταλα-

66 1300 192 1383 βοῦσαι
212 1302 292 1375 τούς
314 1301 541 1386 ἀφικομένους
566 1302 623 1380 ούχ
645 1303 765 1385 ήκιστα
783 1296 924 1384 δηλοῦσι
945 1303 984 1362 τό
1008 1306 1163 1382 πταῖσμα
1185 1305 1242 1366 καὶ
1263 1307 1322 1391 τήν

22 1410 50 1465 ln
67 1402 253 1464 ἀσθένειαν
277 1403 402 1464 αὐτῶν·
427 1403 465 1463 ού
480 1404 570 1463 πάνυ
586 1402 648 1485 γάρ
665 1402 834 1463 εἰώθασιν
850 1403 1081 1465 ἐπιτίθεσθαι
1096 1409 1169 1479 τοῖς
1184 1413 1321 1470 νικῶσιν
1339 1409 1399 1472 132

68 1501 144 1567 ούδδ
160 1509 235 1580 τοῖς
250 1505 452 1583 εὐτυχοῦσιν,
476 1500 561 1564 ἀλλὰ
584 1505 723 1578 τούτους
744 1506 805 1583 μὲν
820 1499 1039 1583 θαυμάζουσι
1052 1507 1109 1567 καί
1125 1508 1322 1592 φοβοῦνται,

66 1614 133 1670 τῶν
162 1604 199 1669 δὲ
223 1607 462 1685 ἀποτυχόντων
483 1614 755 1690 καταφρονοῦσιν
779 1608 817 1667 οἵ
841 1627 878 1668 τε
901 1603 1031 1683 ἔξωθεν
1059 1608 1118 1668 καί
1145 1629 1234 1684 τινες
1256 1617 1323 1673 τῶν

66 1710 266 1791 ἀναγκαίων.
305 1709 464 1793 φαίνεται
480 1704 515 1768 δὲ
528 1698 745 1788 Ἀγαμέμνων
767 1709 835 1769 ὑπὸ
859 1717 918 1797 τῆς
932 1711 1088 1790 γυναικός
1108 1711 1324 1796 ὑπεροφθεὶς

68 1808 124 1875 διδ
152 1813 213 1897 τήν
242 1811 360 1896 ήτταν,
390 1813 408 1871 ό
437 1830 473 1872 τε
503 1808 682 1891 Αἴγισθος
711 1810 920 1889 ἐπιθέμενος
948 1809 1038 1894 αῦτη]
1066 1813 1122 1874 καὶ
1153 1815 1323 1897 κρατήσας

26 1910 204 1999 ύήηδίως,
227 1913 266 1974 οί
283 1933 320 1974 τε
332 1903 489 1996 Ἀργεῖοι
510 1908 758 1992 καταλαβόντες
780 1914 818 1973 τό
842 1919 978 1996 πρᾶγμα
993 1914 1050 1974 καὶ
1070 1915 1128 1974 τόν
1144 1911 1323 1994 Αἴγισθον

68 2011 211 2095 βασιλέα
234 2010 494 2090 ἀποδείξαντες,
524 2014 581 2074 οὐκ
610 2014 650 2074 ἀν
674 2014 704 2074 εί
726 2015 810 2093 μετά
833 2015 999 2097 τοσαύτης
1027 2011 1126 2099 δόξης
1147 2016 1204 2076 καὶ
1226 2013 1323 2077 δυνά-

69 2138 157 2196 μεως
192 2118 399 2202 ἀφικόμενον
428 2118 486 2177 τόν
512 2107 753 2197 Ἀγαμέμνονα
791 2116 983 2192 ἀπέκτεινε,
1023 2118 1234 2201 κρατήσαντα
1264 2127 1323 2204 της

66 2210 202 2294 Ἀσίας.
247 2220 266 2280 ό
287 2238 324 2279 τε
338 2214 515 2302 Διομήδης
536 2215 694 2294 ἐξέπεσεν
711 2216 859 2294 οἴκοθεν,
883 2217 1026 2292 οὐθενός
1041 2215 1180 2282 ἔλαττον
1196 2216 1323 2283 εύδοκι·
1341 2223 1401 2286 133

69 2328 139 2401 μῶν
162 2322 198 2383 έν
220 2317 268 2402 τῷ
292 2317 441 2401 πολέμῳ,
464 2321 520 2382 καὶ
538 2316 780 2398 Νεοπτόλεμος
803 2318 871 2380 εἴτε
893 2321 960 2380 ὑπό
980 2309 1141 2404 Ἑλλήνων
1165 2320 1232 2383 εἴτε
1254 2323 1322 2384 ὑπό

28 2430 52 2483 1)
70 2419 180 2485 ἀλλων
199 2429 317 2485 τινῶν·
343 2413 419 2502 μετ’
447 2423 484 2482 ού
504 2419 592 2482 πολύ
612 2419 647 2482 δὲ
666 2423 722 2482 καὶ
740 2423 865 2495 πάντες
885 2418 1047 2497 ἐξέπεσον
1071 2425 1107 2484 ἐκ
1134 2432 1194 2509 της
1215 2421 1322 2486 Πελο-

71 2527 250 2611 ποννήσου,
273 2526 329 2588 καί
350 2520 520 2609 κατελύθη
547 2526 585 2585 τό
608 2530 674 2585 τῶν
690 2519 897 2585 Πελοπιδῶν
920 2528 1015 2605 γένος
1039 2515 1088 2586 δι’
1113 2527 1240 2610 έκείνην
1262 2528 1322 2610 τήν

10 2638 61 2692 oel)
73 2623 255 2712 ξυμφοράν,
279 2628 313 2688 οἱ
329 2619 362 2688 δ’
378 2618 602 2711 Ἡρακλεῖδαι,
623 2628 789 2710 πρότερον
809 2626 969 2700 ἀσθενεῖς
985 2628 1076 2700 ὄντες
1091 2629 1147 2688 καὶ
1162 2623 1321 2706 ἀτιμαζό-

69 2749 174 2809 μενοι,
196 2725 369 2816 κατήλθον
384 2730 469 2808 μετὰ
486 2730 658 2812 Δωριέων.
699 2719 879 2802 Ὀδυσσεύς
902 2724 937 2789 δὲ
961 2725 1140 2812 ἐβράδυνεν
1163 2731 1256 2805 ε’κόιν,
1279 2729 1320 2789 τά
1339 2734 1400 2796 134

69 2834 128 2911 μὲν
143 2832 393 2911 αἰσχυνόμενος,
417 2831 459 2891 τά
484 2822 517 2892 δ’
543 2832 747 2892 ’ὑποπτεύων
769 2830 810 2890 τά
827 2832 1018 2914 πράγματα.
1062 2831 1119 2892 καί
1141 2826 1197 2891 διά
1220 2838 1320 2892 τοῦτο

27 2940 52 2993 15
68 2935 127 2996 ίπί
149 2934 332 3018 μνηστείαν
348 2935 546 3017 ἐτράπησαν
564 2941 623 3018 τής
638 2929 843 3016 Πηνελόπης
857 2933 914 2993 καί
928 2939 995 2994 τῶν
1017 2934 1194 3017 κτημάτων
1210 2933 1320 3016 ἁρπα-

67 3038 126 3121 γήν
152 3039 173 3120 ή
205 3041 272 3096 τῶν
299 3031 531 3119 Κεφαλλήνων
561 3037 687 3119 νεότης.
738 3036 794 3096 καί
818 3031 927 3108 οὐδεὶς
946 3035 1089 3119 έβοήθει
1114 3042 1181 3096 τῶν
1211 3031 1321 3120 φίλων

67 3144 133 3200 τῶν
151 3127 341 3211 Ὀδυσσέως
369 3134 445 3198 οὐδὲ
468 3139 612 3220 Νέστωρ
643 3137 750 3210 οὕτως
778 3136 929 3217 ἐγγύθεν.
976 3139 1125 3211 ἅπαντες
1152 3137 1214 3221 γάρ
1237 3133 1324 3221 ήσαν

67 3240 225 3302 ταπεινοί
238 3240 296 3302 καὶ
311 3236 450 3324 φαύλως
466 3239 635 3322 ἔπραττον
653 3239 687 3298 ολ
701 3246 760 3322 της
778 3239 955 3321 στρατείας
970 3242 1203 3318 μετασχόντες.
1248 3239 1323 3300 τού-

68 3344 201 3405 ναντίον
229 3338 265 3404 δὲ
295 3343 392 3427 έχρην
418 3337 548 3414 δεινούς
578 3341 689 3401 ἅπασι
713 3339 904 3424 φαίνεσθαι
931 3342 1011 3415 τούς
1034 3343 1246 3424 νενικηκότας
1267 3341 1324 3402 καί

24 3441 194 3530 ωμηδένα
219 3443 335 3517 αὐτοῖς
357 3444 550 3527 ἐπιχειρεῖν.
589 3437 766 3514 Μενέλαος
790 3438 825 3502 δὲ
848 3442 887 3500 τδ
911 3444 1077 3526 παράπαν
1101 3444 1159 3521 οὐχ
1173 3443 1250 3528 ήκεν
1272 3443 1323 3515 είς
1341 3445 1402 3509 135

66 3544 342 3630 Πελοπόννησον,
365 3536 442 3605 ἀλλ’
467 3547 502 3606 έν
525 3545 694 3626 Αἰγύπτῳ
717 3548 919 3622 κατέμεινεν.
965 3546 1022 3606 καὶ
1039 3542 1161 3628 σημεῖά
1175 3563 1212 3625 γε
1229 3545 1322 3605 ἔστιν

68 3646 152 3713 ἀλλα
176 3669 213 3711 τε
235 3656 295 3733 τής
317 3643 468 3732 ἀφίξεως
490 3649 547 3710 καί
568 3649 671 3727 νομός
694 3636 760 3706 ἀπ’
786 3646 890 3706 αὐτοῦ
910 3643 1124 3726 καλούμενος,
1148 3646 1205 3706 ούκ
1227 3646 1267 3706 ἂν
1291 3645 1322 3706 εί

153 3819 236 3874 lecal
248 3831 302 3871 om.
314 3813 384 3881 libri,
403 3816 548 3884 praeterT
618 3810 1110 3883 3τούσδὲ-μίνονταοίυυιτς.Τ
1163 3818 1321 3871 5τοσοῦτο

69 3902 116 3959 UB
128 3899 302 3967 (inUvfln.
316 3899 368 3955 del.
380 3915 415 3955 m.
428 3905 481 3969 pr.)
541 3904 590 3958 καὶ
606 3900 764 3972 χρημάτων
781 3901 877 3954 om.B
940 3892 1044 3956 Ἰάλλά
1062 3893 1258 3970 μὴ-ύλίγον
1275 3903 1324 3954 aut

61 3986 161 4071 φυάν
172 3987 238 4041 sunt
248 3986 298 4038 aut
309 3982 440 4039 lacunosa
492 3986 760 4058 έόιαφθαρεῐναιῦ
815 3991 845 4040 10
860 3980 894 4043 ού
906 3980 981 4042 πάνυ
993 3984 1031 4049 Μ,
1045 3976 1078 4040 ού
1090 3979 1186 4042 πάντα
1197 3983 1272 4041 UBT

52 4067 282 4142 ἸλέίγιστοσΒ
327 4062 585 4140 15καταλαβόντες
594 4073 760 4139 corruptum,
769 4069 834 4126 fort.
845 4073 894 4126 καί
903 4063 1072 4142 ἀγαπῶντες
1121 4066 1289 4141 ΑίγιοτονΒ

70 4159 100 4210 18
111 4154 264 4228 βασιλείας
275 4168 326 4223 pro
338 4145 433 4220 Ἀσίας
442 4154 539 4210 Kaibel
636 4145 653 4210 δ’
665 4174 697 4211 τε
710 4149 851 4226 Διομήδης
863 4185 895 4193 -
908 4150 1004 4211 ἄλλων
1015 4156 1102 4209 τινῶν
1113 4160 1177 4223 post
1188 4154 1324 4227 Δωριέων

68 4238 130 4294 122
141 4237 345 4309 mnsponenda
353 4246 418 4293 sunt
470 4243 502 4294 23
513 4259 586 4307 μετα
600 4244 658 4296 τῶν
667 4239 718 4296 UT
771 4244 805 4293 14
822 4233 1029 4296 δποπτεύωντα
1042 4234 1120 4296 τὰΜ
1170 4235 1324 4312 καί<γάρ>

67 4323 131 4380 wil.
201 4327 234 4378 2⁶
252 4316 454 4395 πινελόπησῖί
529 4327 559 4377 21
579 4330 707 4394 exspecto
726 4317 793 4383 ἀλλ’
813 4317 878 4381 οὐδὲ
948 4327 979 4378 28
1000 4322 1016 4380 ά
1039 4338 1089 4393 pro
1103 4322 1172 4381 οὶΜ
1235 4343 1322 4397 στρα-

68 4410 150 4467 τείασ
167 4408 205 4474 Μ,
223 4412 364 4483 στρατιάσ
380 4408 455 4466 UBT
508 4412 540 4464 29
558 4406 670 4466 δεινοὺσ
682 4409 721 4474 Μ,
738 4406 757 4481 ἢ
773 4404 886 4467 όειλοὺσ
898 4407 971 4463 UBT
1023 4412 1056 4462 30
1075 4410 1231 4467 Μενίλεωσ
1248 4411 1272 4464 Β

70 4498 101 4550 31
119 4494 269 4565 κατέμεινε
286 4494 337 4550 ΒΤ
405 4489 506 4565 σημεῖά
525 4513 557 4550 τε
574 4494 646 4560 libri,
665 4510 734 4548 corr.
752 4494 853 4550 Reiske
