3068 5160
125 318 188 380 336
482 320 605 376 DIONIS
624 319 806 376 GELAENIS
824 320 1014 376 PHRYGIAE

125 498 316 580 ὑπηρετῶν,
342 497 488 572 οἰκετῶν,
511 505 736 580 μαστροπῶν,
760 493 961 580 ὀρεοκόμων,
984 494 1154 581 καπήλων,
1178 499 1325 580 ἑταιρῶν
1346 518 1376 558 τε

127 599 183 659 καί
208 598 402 677 βαναύσων·
427 599 513 659 ὥστε
536 601 577 659 τά
600 619 636 659 τε
663 600 747 660 ὥνια
770 602 849 674 τούς
871 601 1008 678 ἔχοντας
1031 595 1194 682 πλείστης
1217 595 1375 660 ἀποδίδο-

128 701 215 761 σθαι
229 708 328 784 τιμῆς
343 701 398 761 καί
412 697 516 784 μηδὲν
533 701 633 783 ἀργδν
656 699 744 762 εἶναι
766 710 825 786 τῆς
841 698 984 777 πόλεως,
1008 702 1091 785 μήτε
1113 701 1155 761 τά
1179 695 1277 783 ζεύγη
1302 702 1375 784 μήτε

126 803 187 876 τὰς
210 803 318 875 οίκίας
346 803 429 886 μήτε
457 803 518 876 τάς
547 808 713 883 γυναῖκας.
759 811 857 864 τούτο
888 800 923 863 δέ
953 803 991 863 ού
1022 804 1161 885 σμικρόν
1190 803 1268 862 ἐστι
1298 804 1376 885 πρὸς

77 900 351 982 16εύδαιμονίαν.
397 906 483 965 ὅπου
506 904 568 987 γάρ
592 905 632 965 ἀν
649 902 810 979 πλεῖστος
834 901 931 983 άχλος
947 903 1142 986 ἀνθρώπων
1160 899 1266 987 ξυνίη,
1292 901 1399 966 πλεῖ-5

127 1021 206 1066 στον
228 1007 386 1088 ἀργύριον
409 1002 445 1081 ἐξ
460 1007 603 1090 ἀνάγκης
626 1009 698 1068 ἐκεῖ
710 1008 868 1088 γίγνεται,
891 1007 947 1068 καί
968 1008 1025 1066 τδν
1041 1002 1150 1067 τόπον
1172 1006 1266 1079 είκδς
1281 1006 1374 1090 εύθη-

125 1113 207 1169 νεῖν·
232 1109 347 1191 ὥσπερ
365 1107 462 1187 οίμαί
485 1125 572 1192 φασι
594 1111 653 1193 την
672 1111 795 1193 χώραν,
820 1107 862 1169 ού
882 1109 922 1170 ἀν
938 1105 1095 1191 πρόβατα
1119 1104 1268 1169 πλεῖστα
1293 1105 1374 1170 αύλι-
1414 1076 1416 1165 λ

127 1209 213 1292 σθῇ,
246 1211 426 1293 κρατίστην
459 1211 639 1291 γίγνεσθαι
671 1215 744 1284 τοῖς
774 1215 934 1293 γεωργοῖς
967 1207 1024 1271 διά
1057 1213 1116 1295 την
1144 1204 1295 1294 κόπρον,
1327 1213 1374 1272 καί

125 1307 249 1372 πολλοί
271 1309 406 1373 δέονται
428 1318 494 1372 τῶν
518 1317 690 1391 ποιμένων
713 1304 798 1396 παρ’
831 1303 947 1385 αὐτοῖς
971 1304 1116 1387 αὐλίζειν
1145 1312 1187 1372 τά
1212 1307 1372 1395 πρόβατα.

76 1416 114 1474 17
124 1421 302 1496 τοιγαροῦν
331 1417 489 1492 μέγιστον
516 1409 689 1491 νομίζεται
716 1417 802 1497 πρὸς
833 1416 926 1492 ίοχύν
956 1410 1090 1488 πόλεως
1118 1416 1156 1474 τδ
1188 1421 1258 1475 τῶν
1283 1411 1372 1476 δικῶν
1388 1422 1405 1472 ld

123 1515 179 1574 καί
203 1517 328 1588 πάντες
357 1511 608 1576 ἐσπουδάκασιν
637 1517 722 1597 ὑπὲρ
748 1507 884 1590 ούδενάς
908 1517 1004 1576 ούτω.
1049 1519 1188 1593 μέτεστι
1217 1513 1254 1577 δὲ
1281 1508 1374 1578 αύτού

123 1621 199 1689 ταῖς
222 1619 376 1699 πρώταις
399 1612 540 1677 πόλεσιν
564 1618 598 1678 έν
626 1621 722 1700 μέρει
745 1608 827 1700 παρ’
854 1618 938 1690 ἔτος.
985 1619 1072 1702 φασί
1094 1615 1130 1679 δὲ
1153 1623 1211 1678 νῦν
1234 1617 1372 1679 ἔσεσθαι

125 1717 181 1782 διά
211 1717 369 1792 πλείονος
395 1715 527 1803 χρόνου.
573 1720 651 1793 τούς
678 1719 740 1801 γάρ
764 1719 972 1802 ἀνθρώπους
1002 1711 1059 1800 ούχ
1080 1722 1265 1798 ύπομένειν
1294 1717 1372 1796 ξυνε-

120 1829 189 1900 χῶς
211 1818 418 1883 ἐλαύνεσθαι
447 1831 628 1902 πανταχοῦ.
673 1825 729 1885 καί
750 1826 814 1909 μην
844 1832 910 1885 τῶν
935 1826 1032 1906 ἱερῶν
1058 1831 1117 1907 τῆς
1137 1813 1257 1896 Ἀσίας
1287 1826 1372 1902 μέτε·

125 1943 198 1989 στιν
221 1927 298 2007 ύμῖν
330 1934 389 2010 τῆς
411 1945 447 1986 τε
471 1924 625 2011 δαπάνης
654 1934 816 1988 τοσοῦτον
844 1930 923 1988 δσον
953 1928 1096 1999 ἐκείναις
1125 1929 1202 1998 ταῖς
1226 1921 1371 1999 πόλεσιν,
1389 1931 1407 1982 d

123 2031 158 2091 έν
175 2029 229 2104 αίς
252 2031 326 2090 ἐστι
348 2030 389 2089 τά
408 2027 490 2112 ίερά.
623 2031 740 2091 ούκουν
763 2033 864 2112 ἔγωγε
887 2031 1011 2112 ταύτης
1026 2019 1283 2110 εὐποτμοτέραν
1306 2027 1370 2087 ἐπί·

124 2149 251 2211 σταμαι
285 2128 387 2194 πόλιν
422 2123 500 2193 οὐδὲ
535 2133 742 2216 ἀνθρώπους
775 2135 913 2212 ἀμεινον
947 2126 1089 2207 ζῶντας,
1120 2130 1227 2212 χωρίς
1257 2119 1368 2190 Ἰνδῶν.

74 2228 196 2294 ίδέκεῐ
205 2232 277 2317 γάρ,
303 2237 348 2308 ὥς
365 2250 461 2318 φασι,
486 2236 637 2314 ποταμοί
658 2238 794 2318 ῥέουσιν
817 2226 876 2313 οὐχ
893 2235 1008 2317 ὥσπερ
1032 2223 1117 2315 παρ>
1142 2233 1222 2311 ύμῖν
1245 2228 1369 2304 ύδατος,

122 2326 198 2394 ἀλλ’
231 2337 249 2395 ό
271 2338 332 2414 μὲν
354 2334 534 2416 γάλακτος,
558 2339 577 2397 δ
600 2334 635 2398 δὲ
660 2335 751 2397 οἴνου
776 2333 941 2417 διαυγοῦς,
965 2331 1067 2408 ἀλλος
1090 2331 1125 2395 δὲ
1148 2329 1298 2413 μέλιτος,
1322 2329 1370 2392 άλ-

123 2432 180 2508 λος
208 2433 244 2497 δὲ
267 2434 392 2498 έλαίοο.
438 2441 555 2520 ῥέουσι
584 2430 615 2499 δ’
642 2439 782 2519 ἐγγύθεν
812 2441 848 2499 ἑκ
871 2435 1002 2522 λόφων,
1034 2438 1149 2519 ὥσπερ
1180 2437 1218 2497 ἐκ
1240 2440 1407 2515 μαστῶνίλ

121 2545 181 2623 τῆς
195 2547 263 2623 γης.
303 2542 414 2601 πάντα
432 2537 587 2601 δὲταῦτα
604 2546 670 2601 τῶν
694 2531 779 2622 παρ’
804 2544 885 2623 ημῖν
900 2541 1044 2623 ἀπειρον
1061 2535 1220 2622 διαφέρει
1239 2541 1327 2622 πρός
1341 2557 1371 2598 τε

121 2637 244 2726 ηδονην
265 2644 321 2704 καί
346 2639 494 2722 δύναμιν.
542 2644 584 2704 τά
607 2645 667 2722 μέν
685 2643 747 2725 γάρ
770 2638 896 2702 ἐνθάδε
918 2638 1083 2724 γλίσχρως
1105 2641 1162 2701 καί
1184 2636 1284 2720 μόλις
1307 2640 1371 2700 άπὸ

123 2737 216 2823 ζῴων
231 2751 332 2806 τινῶν
347 2747 403 2807 καί
420 2753 534 2830 φυτῶν
555 2738 802 2825 <συλλέγομεν>,
824 2745 976 2828 καρπούς
999 2740 1105 2818 ξύλων
1127 2737 1301 2827 βρίζοντες
1321 2743 1373 2803 καί

121 2847 251 2929 τροφὴν
273 2841 366 2926 ζῴων
382 2843 584 2926 βδάλλοντες
598 2848 654 2907 καί
674 2844 875 2926 βλίττοντες,
891 2847 932 2908 τά
950 2843 985 2908 δὲ
1001 2848 1075 2907 ἐκεῖ
1085 2843 1132 2928 τῷ
1149 2847 1255 2910 παντί
1267 2846 1372 2907 καθα-

121 2948 261 3029 ρώτερα,
282 2950 385 3029 χωρίς
402 2947 499 3027 οἶμαι
513 2949 591 3028 βίας
612 2949 669 3010 καί
691 2950 907 3032 πανουργίας.
953 2950 987 3010 οἱ
1010 2945 1046 3010 δέ
1070 2950 1223 3030 ποταμοὶ
1242 2951 1410 3034 ῥέουσινίί

121 3049 178 3107 ένα
200 3055 288 3132 μῆνα
311 3046 358 3129 τῷ
381 3045 525 3128 βασιλεῖ,
547 3051 603 3111 καί
627 3053 734 3134 φάρος
757 3049 854 3124 ούτός
876 3053 968 3113 έστιν
992 3051 1092 3132 αύτῷ,
1115 3053 1174 3113 τὸν
1198 3048 1235 3113 δέ
1254 3047 1372 3113 λοιπδν

72 3146 238 3230 19χρύνον
268 3153 341 3223 τοῖς
370 3146 541 3234 δημόταις.
594 3148 744 3228 ξυνίασιν
774 3153 831 3214 οὖν
857 3144 942 3213 καθ’
974 3155 1116 3237 ἑκάστην
1137 3157 1266 3238 ημέραν
1292 3152 1371 3234 μετά

121 3245 256 3311 παίδων
277 3253 334 3312 καί
348 3260 511 3332 γυναικῶν
534 3252 584 3328 εἴς
601 3275 637 3316 τε
653 3255 713 3328 τάς
730 3256 840 3338 πηγάς
861 3257 917 3316 καί
942 3248 1053 3339 [πρὸς]
1076 3255 1117 3316 τά
1133 3257 1285 3339 ῥεύματα
1309 3262 1370 3318 τῶν
1382 3258 1413 3313 (νύ

121 3359 285 3431 ποταμῶν
307 3349 486 3430 παίζοντες
507 3358 564 3418 καί
585 3353 755 3438 γελῶντες,
780 3360 826 3432 ὡς
848 3359 888 3418 ἀν
911 3347 967 3418 ἐπ’
995 3358 1145 3436 εὐωχίαν.
1192 3359 1319 3441 φύεται
1341 3353 1371 3418 δὲ

31 3477 34 3481 ’
120 3456 214 3539 παρά
237 3463 312 3532 ταῖς
336 3458 458 3536 ὄχθαις
480 3461 498 3519 ὅ
520 3480 556 3520 τε
576 3457 682 3535 λωτὸς
705 3461 840 3543 ίσχυρδς
862 3460 917 3520 καὶ
934 3456 1051 3538 σχεδόν
1073 3460 1236 3521 ἁπάντων
1260 3459 1408 3520 σιτίωνύ

119 3554 273 3640 ἥδιστος,
302 3560 360 3640 ούχ
390 3562 504 3644 ῶσπερ
535 3563 553 3622 ά
581 3553 666 3646 παρ’
697 3567 777 3646 ημῖν
804 3563 992 3644 τετράποσι
1020 3563 1145 3646 τροφη,
1175 3563 1233 3624 καί
1264 3556 1371 3623 πολλά

207 3885 218 3934 1
240 3875 418 3952 ὀρεωκόμων
437 3881 460 3935 Τ
514 3881 636 3952 ἑταίρων
652 3881 723 3946 libri,
742 3895 811 3934 corr.
830 3880 931 3934 Jacobs
950 3877 1058 3950 ἑτέρων
1075 3899 1106 3936 τε
1124 3875 1283 3952 βαναύσων
1295 3881 1372 3950 Emp.

118 3966 203 4020 dubit,
290 3956 376 4022 2όίτε
394 3982 443 4033 pro
462 3961 497 4024 τά
516 3987 548 4024 τε
567 3967 595 4019 Μ
667 3961 817 4033 λείμαιΤ
904 3967 1013 4036 φηοίΒ
1094 3967 1305 4038 8γίνεσθαιΒ

120 4056 151 4104 10
169 4051 279 4119 νομίζει
296 4051 370 4105 UBT
478 4055 508 4105 16
527 4047 749 4125 εύποτμωτέραν
766 4051 796 4104 Μ
900 4055 930 4104 21
949 4045 1015 4119 ύμῖν
1033 4051 1086 4104 ΤΜ
1104 4066 1138 4104 m.
1156 4066 1199 4120 pr.
1294 4045 1370 4122 ἀνιεί-

119 4156 178 4208 ρων
193 4136 222 4188 Μ
276 4139 308 4189 23
326 4135 361 4189 οδ
373 4137 524 4208 βρίζοντες
539 4137 658 4192 schol.B
672 4131 817 4202 ἔσθοντες,
838 4135 995 4204 πιέζοντες·
1015 4131 1194 4208 λαμβάνεται
1211 4136 1242 4194 δὲ
1259 4141 1310 4194 καί
1327 4136 1370 4194 ἐπί

117 4223 169 4275 τοῦ
190 4223 330 4287 κυούντες.
355 4252 388 4259 -
413 4221 585 4293 συλλέγομεν
611 4221 715 4275 addidit
738 4221 802 4275 Wil.
931 4217 1110 4294 καρποὺς-
1128 4222 1298 4292 βλίττοντες
1321 4223 1370 4278 δελ

116 4303 195 4373 Emp.
209 4335 243 4345 —
312 4309 345 4360 24
362 4303 520 4378 βάλλοντες
538 4307 560 4359 Τ
578 4310 721 4376 (superscr.
741 4311 765 4372 ά)
781 4303 939 4378 βάλλοντες
956 4306 987 4360 Μ
1056 4311 1088 4361 25
1106 4311 1169 4376 post
1193 4310 1372 4381 πανουργίας

116 4389 237 4444 desidero
255 4387 411 4463 γιγνόμενα
468 4396 499 4446 27
519 4389 638 4457 ξύνεισιν
649 4391 718 4456 libri,
736 4387 860 4458 ξύναιοιν
877 4409 900 4458 v,
920 4406 989 4446 corr.
1003 4392 1072 4446 Mor.
1143 4394 1175 4444 28
1195 4392 1277 4449 scrib.
1298 4392 1372 4465 πρδς

115 4493 147 4529 τε
164 4470 216 4540 τάς
234 4481 285 4530 etc.
356 4472 430 4548 πρός
447 4492 498 4533 om.
517 4477 555 4533 M.
630 4480 660 4530 31
681 4466 836 4546 πολλάςῆς
854 4467 913 4546 όμα
932 4476 961 4529 Μ
