3068 5160
612 325 748 380 ORATIO
767 326 814 379 xl.
1277 323 1336 381 143

80 494 230 576 πόλεως,
252 496 328 575 ἰξόν
351 497 531 576 εἰσελθεῖν,
554 502 610 561 καί
632 503 689 561 τόν
702 491 866 578 Ἀχιλλέα,
890 502 1048 577 τάχιστον
1071 500 1267 584 ἀνθρώπων
1284 500 1337 560 ἀεί

81 618 169 663 ποτε
196 592 261 661 ὑπ’
295 592 399 662 αὑτοῦ
427 598 619 683 λεγόμενον,
650 593 687 662 οὑ
719 598 901 679 δυνάμενον
931 598 1141 681 καταλαβεῖν.
1190 602 1269 674 τούς
1297 598 1331 661 δὲ
1350 599 1409 663 108

30 702 33 707 ’
79 694 242 782 Ἀχαιούς
265 704 346 788 όρᾶν
370 705 524 779 άπαντας
548 706 663 787 ὥσπερ
680 705 739 764 ἐπὶ
754 703 841 763 θέαν
858 704 1031 784 παρόντας
1046 705 1101 764 καὶ
1115 700 1243 787 μηδένα
1259 704 1337 787 βοη-

82 804 163 867 θεῖν
191 802 241 887 τῷ
261 796 424 884 Ἀχιλλεῖ,
454 814 594 868 τοιαῦτα
618 805 841 877 πεπονθότας
863 804 931 863 ὑπό
954 811 1016 864 τοῦ
1029 795 1184 889 Ἕκτορος
1206 808 1262 868 καί
1283 827 1338 884 μι-

45 916 62 969 b
84 912 229 981 σούντας
245 898 357 984 αὑτόν,
375 909 461 969 ὥστε
477 910 533 970 καὶ
548 910 662 991 νεκρόν
677 909 882 989 τιτρώσκειν.
918 906 1037 967 ἔπειτα
1053 908 1234 992 Δηίφοβον
1249 904 1337 983 ἐξελ-

56 1008 195 1071 ’θόντα
228 1016 291 1070 τού
317 1011 462 1088 τείχους,
499 1007 624 1090 μᾶλλον
652 1006 687 1070 δὲ
713 1000 860 1091 Ἀθηνᾶν
890 1004 1195 1091 παραλογίσασθαι
1225 999 1336 1085 αὐτόν,

82 1107 309 1173 εἰκασθεῖσαν
330 1112 509 1196 Δηιφόβῳ,
532 1114 588 1173 καί
611 1114 648 1173 τό
673 1108 752 1194 δόρυ
774 1107 901 1191 κλέψαι
923 1112 961 1171 τό
985 1118 1046 1170 τοῦ
1060 1103 1215 1195 Ἕκτορος
1238 1114 1273 1172 έν
1296 1119 1337 1195 τῇ

82 1210 196 1293 μάχῃ,
226 1203 305 1274 οὑδὲ
334 1216 429 1287 ὅπως
458 1214 638 1295 ἀποκτείνῃ
670 1214 727 1273 τόν
743 1205 881 1296 Ἕκτορα
905 1213 1081 1296 εὑρίσκων,
1111 1215 1238 1296 τρόπον
1261 1213 1335 1273 τινά

84 1306 239 1394 ἰλιγγιῶν
261 1317 341 1397 περί
355 1317 393 1375 τό
414 1312 539 1397 ψεῦδος
554 1317 609 1376 καί
625 1313 671 1396 τῷ
689 1315 760 1375 όντι
776 1316 822 1388 ὡς
845 1316 879 1375 έν
903 1315 1052 1397 όνείρατι
1074 1317 1181 1398 μάχην
1206 1311 1336 1398 διηγού-

10 1422 64 1491 bib
82 1432 195 1493 μενος.
241 1414 390 1495 μάλιστα
418 1425 496 1498 γοῦν
525 1421 705 1500 προσέοικε
734 1421 807 1490 τοῖς
833 1417 978 1489 ἀτόποις
999 1417 1172 1489 ἰνυπνίοις
1194 1417 1235 1477 τά
1259 1417 1338 1498 περὶ

80 1517 143 1602 τὴν
169 1513 279 1602 μάχην
301 1512 450 1603 ἐκείνην]
495 1520 544 1592 εἰς
567 1526 664 1579 τοῦτο
690 1515 725 1579 δὲ
754 1515 936 1602 προελθών
959 1519 1087 1579 ἀπεῖπε
1112 1515 1250 1593 λοιπόν,
1279 1509 1337 1578 οὑκ
1353 1519 1413 1581 109

10 1606 14 1677 ἶ
81 1618 167 1699 ἔχων
198 1622 264 1696 ύ,τι
289 1623 455 1706 χρησηται
484 1629 524 1705 τῇ
554 1622 694 1705 ποιήσει
722 1623 777 1681 καί
807 1625 879 1694 τοῖς
911 1622 1085 1701 ψεύσμασι
1113 1618 1337 1703 δυσχεραίνων

82 1713 208 1805 [ἀγῶνά
234 1743 310 1783 τινα
333 1723 502 1805 προσθείς
525 1725 722 1806 ἐπιτάφιον,
745 1724 801 1783 καί
816 1729 914 1782 τοῦτο
932 1724 1020 1783 πάνυ
1035 1719 1185 1803 γελοίως,
1208 1723 1264 1783 καί
1279 1724 1337 1806 τὴν

11 1864 17 1893 r
81 1824 245 1906 Πριάμου
267 1821 435 1904 βασιλέως
458 1826 507 1898 είς
530 1826 568 1884 τό
594 1821 824 1907 στρατόπεδον
847 1821 966 1908 ἄφιξιν
990 1824 1083 1906 παρά
1103 1827 1161 1884 τόν
1173 1816 1336 1901 Ἀχιλλέα,

32 1934 62 1987 lb
80 1921 228 2009 μηδενὸς
250 1925 461 2003 αἰσθομένου
484 1932 550 1986 τῶν
569 1916 723 2004 Ἀχαιῶν,
745 1928 801 1987 καὶ
823 1927 864 1986 τά
889 1922 989 2009 λύτρα
1012 1918 1243 2008 τούἝκτορος.
1282 1926 1338 1985 καὶ

83 2026 161 2087 obre
183 2028 244 2111 τὴν
266 2034 328 2087 τοῦ
341 2028 522 2106 Μέμνονος
544 2029 711 2112 βοήθειαν
736 2029 810 2088 ούτε
833 2030 891 2112 την
914 2035 980 2088 τῶν
1000 2018 1204 2105 Ἀμαζόνων,
1229 2019 1337 2099 οὕτως

82 2128 271 2208 θαυμαστά
292 2131 349 2191 καί
370 2127 514 2210 μεγάλα,
544 2126 727 2213 ἐτόλμησεν
750 2131 870 2205 εἰπεῖν,
901 2129 975 2189 ούτε
998 2131 1056 2190 τόν
1079 2136 1140 2189 τού
1157 2120 1336 2206 Ἀχιλλέως

82 2228 239 2291 θάνατον
262 2231 338 2292 ούτε
360 2233 419 2316 τὴν
442 2228 568 2291 άλωσιν
592 2239 650 2315 τῆς
669 2224 814 2314 Τροίας]
854 2221 929 2291 οὑδὲ
953 2231 1014 2314 γάρ
1039 2232 1217 2310 ὑπέμεινεν
1241 2230 1338 2310 οίμαι
1356 2232 1414 2294 1111

83 2328 196 2393 πάλαι
227 2332 415 2416 τεθνηκότα
444 2334 502 2393 τόν
522 2324 674 2410 Ἀχιλλέα
705 2337 817 2393 ποιεῖν
846 2329 949 2393 πάλιν
973 2333 1231 2416 ἀναιρούμενον,
1261 2324 1337 2394 οίδέ

31 2440 250 2507 11νικῶντας
278 2436 356 2508 τούς
385 2435 595 2518 ηττηθέντας
622 2436 679 2496 καί
708 2437 909 2519 φεύγοντας,
940 2424 1017 2495 οὑδὲ
1041 2437 1100 2521 την
1122 2437 1337 2519 κρατήσασαν

83 2531 199 2612 πόλιν,
222 2538 346 2620 ταύτην
370 2538 620 2621 πορθουμένην.
661 2538 694 2597 οἱ
717 2533 752 2597 δὲ
775 2537 914 2618 ὕστερον
938 2538 996 2597 άτε
1019 2533 1269 2621 ἐξηπατημένοι
1284 2539 1339 2598 καί

83 2645 148 2699 τού
167 2634 317 2721 ψεύδους
341 2639 515 2716 ἰσχύοντος
537 2635 599 2722 ἥδη
624 2639 831 2721 θαρροῦντες
853 2639 1010 2722 ἔγραφον.
1045 2639 1086 2698 τά
1104 2635 1139 2699 δὲ
1156 2641 1337 2722 πράγματα

84 2740 194 2815 οὕτως
217 2740 321 2819 έσχεν.

168 2833 349 2920 Ἀχιλλέως
364 2840 623 2926 τελευτήσαντος
639 2843 706 2902 ὑπό
714 2835 870 2927 Ἕκτορος
886 2845 920 2904 έν
936 2850 977 2927 τῇ
992 2842 1139 2926 βοηθείᾳ
1162 2849 1227 2903 τῶν
1244 2849 1337 2919 νεῶν,
1356 2844 1413 2904 111

32 2954 62 3005 lb
85 2945 123 3007 οἱ
142 2946 205 3024 μὲν
224 2947 347 3027 Τρῶες,
372 2945 487 3028 ὥσπερ
506 2945 752 3027 καὶπρότερον,
776 2942 1037 3029 ἐπηυλίσθησαν
1052 2945 1147 3025 ἐγγύς
1162 2951 1229 3006 τῶν
1244 2952 1337 3023 νεῶν,

84 3048 133 3122 ὡς
149 3043 357 3132 φυλάξοντες
369 3047 447 3119 τούς
460 3037 631 3124 Ἀχαιούς·
647 3048 852 3109 ὑπώπτευον
864 3048 925 3131 γάρ
940 3048 1060 3120 αὐτούς
1072 3042 1339 3129 ἀποδράσεσθαι

83 3157 145 3234 τῆς
167 3152 300 3222 νυκτός·
331 3149 349 3208 ὁ
372 3144 406 3209 δὲ
421 3139 545 3231 Ἕκτωρ
570 3149 777 3233 ἀνεχώρησεν
807 3150 856 3222 εἰς
878 3151 937 3234 την
961 3145 1062 3209 πόλιν
1085 3151 1180 3233 παρά
1203 3168 1239 3209 τε
1261 3148 1339 3220 τούς

82 3256 204 3335 γονέας
226 3253 363 3335 κοίτην
385 3256 533 3332 γυναῖκα,
554 3253 681 3335 χαίρων
704 3255 777 3323 τοῖς
796 3256 1059 3334 πεπραγμένοις,
1083 3252 1142 3312 ἐπὶ
1164 3258 1226 3312 τοῦ
1242 3267 1339 3334 στρα-

83 3356 252 3434 τεύματος
278 3350 475 3416 καταλιπών
504 3353 625 3436 Πάριν.
678 3354 696 3413 ό
719 3342 751 3413 δ’
779 3353 878 3426 αὑτός
907 3373 943 3412 τε
970 3354 1027 3413 καὶ
1055 3360 1121 3413 τῶν
1147 3355 1272 3437 Τρώων
1300 3353 1338 3413 τό
1358 3351 1416 3414 112

30 3462 62 3517 lb
83 3452 224 3543 πλῆθος
246 3453 444 3533 ἐκάθευδεν,
473 3458 519 3529 ὡς
543 3457 631 3528 εἰκός
653 3450 692 3538 ἦν
713 3458 968 3532 κεκοπωμένους
990 3455 1046 3514 καὶ
1067 3452 1171 3538 μηδὲν
1195 3452 1338 3537 προσδε-

80 3562 247 3637 χομένους
268 3561 378 3634 κακόν,
402 3560 453 3620 ἔτι
477 3555 512 3619 δὲ
536 3554 721 3631 παντελοῦς
744 3557 929 3639 εύπραγίας
952 3555 1062 3638 ούσης.
1108 3558 1272 3636 ἐντούτῳ
1298 3553 1336 3640 δη

80 3650 300 3741 Ἀγαμέμνων
322 3660 406 3739 μετά
429 3663 603 3743 Νέστορος
624 3662 680 3721 καί
699 3651 886 3732 Ὀδυσσέως
908 3659 964 3718 καί
986 3653 1181 3741 Διομήδους
1203 3654 1338 3736 βουλευ-

174 3888 239 3959 Ῑέξ
255 3884 333 3949 δνῐί
386 3887 541 3965 5νετκρδν
560 3891 675 3956 (siellU
722 3882 888 3946 ὑαύτοῦλί
933 3888 1169 3944 Sliterae-no-in
1181 3881 1338 3958 ἀποκτείνῃ

85 3993 105 4033 a
120 3980 276 4033 correctore
293 3977 319 4032 U
421 3972 563 4046 εὑρίσκειν
580 3975 654 4040 libri,
674 3991 743 4030 corr.
762 3975 859 4030 selden
945 3971 1058 4046 τρόπον
1075 3969 1139 4032 τινὰ
1158 3989 1209 4028 om.
1230 3973 1253 4028 Τ

85 4062 264 4136 θείλιγγισῖν
281 4061 312 4115 Μ
384 4067 412 4114 10
432 4058 467 4118 τά
486 4065 551 4133 περί
569 4061 676 4118 τοῐσΤ
764 4064 792 4113 11
813 4052 934 4116 ἀπεῖπεν
952 4060 978 4114 V
1048 4063 1078 4113 12
1098 4054 1222 4130 ψεὺμασι
1240 4058 1270 4112 Μ

87 4150 118 4203 13
136 4151 263 4222 προθείσ
279 4146 350 4212 libri,
368 4151 475 4215 praeter
487 4149 512 4201 V
570 4141 679 4219 [ἀγῶνα
691 4177 722 4185 -
733 4149 782 4216 τῆς
803 4147 916 4216 Τροίας]
935 4145 1003 4199 baec
1026 4160 1134 4212 quoque
1151 4144 1339 4212 interpolatori

85 4232 177 4289 tribuo
230 4235 279 4289 καί
296 4235 349 4289 τοῦ
367 4223 499 4302 Πριάμου
516 4231 587 4296 libri,
606 4247 675 4286 corr.
696 4231 774 4298 Emp.
835 4235 865 4284 14
883 4234 936 4287 rori
953 4245 1002 4298 pro
1021 4225 1116 4286 τδνῐ]
1188 4233 1217 4282 15
1238 4229 1339 4285 αἰσθα-

86 4316 253 4387 νομένουΤ
322 4313 410 4386 λύτρα
428 4317 546 4384 κομίσαι
565 4315 638 4370 UBT
710 4319 741 4369 16
760 4305 834 4371 οὑτω
853 4315 901 4369 ΒΤ
961 4319 993 4367 20
1012 4318 1155 4369 νικωντασ
1174 4307 1244 4370 τούσ
1262 4308 1339 4384 Ἀθη-

85 4404 190 4460 ναίουσ
205 4405 255 4459 καί
272 4397 438 4474 φεύγοντασ
454 4400 479 4453 V
577 4404 608 4453 26
627 4393 788 4472 ἀποδράσαι
812 4399 881 4459 ivel·
893 4403 972 4464 άσαι)
990 4399 1065 4466 libri,
1084 4415 1153 4455 corr.
1173 4399 1252 4470 Emp.

86 4486 280 4561 ἳθτιαρῆνΜ
349 4490 379 4540 31
400 4482 493 4560 τούτῳ
511 4484 540 4541 δὲ
558 4485 612 4540 VM
