3068 5160
704 299 841 356 ORATIO
857 300 893 356 IL
1390 308 1430 366 23

173 473 372 558 κρειττόνων
388 473 538 555 ἐραστῶν
553 476 782 554 τυγχάνοντας.
818 476 886 550 [τόν
903 473 939 537 δὲ
947 464 1177 558 Ἀγαμέμνονα
1194 481 1252 541 οάκ
1267 482 1425 566 ἐμακάρι-

175 571 243 651 ζεν·
255 567 375 658 ήλπιζε
385 573 446 657 γάρ
457 571 546 635 πολύ
556 571 723 637 πλειόνων
733 572 846 660 ἄρξειν
857 577 985 662 αύτδςή
997 580 1135 641 όπόσων
1145 575 1293 664 ἐκεῖνος]
1311 589 1378 644 τῶν
1390 580 1426 644 δὲ
1440 588 1479 650 33

174 673 285 737 ἀλλων
308 681 460 758 ποιητῶν
477 666 514 737 οὗ
533 673 667 761 σφόδρα
683 672 844 762 ἐφρόντιζ
861 725 868 739 .
905 680 1111 764 Στησιχόρου
1130 679 1165 743 δὲ
1180 682 1238 744 καί
1252 680 1427 769 Πινδάρου

172 775 389 861 ἐπεμνήσθη,
406 783 468 837 τού
479 778 541 856 μέν
552 780 606 840 ὅτι
615 771 913 864 μιμητήςὉμήρου
926 781 1088 860 γενέσθαι
1101 779 1258 846 δοκεῖκαὶ
1269 787 1329 870 τήν
1341 783 1427 848 ἀλω-

133 888 149 937 5
174 896 227 942 σιν
244 879 301 940 οδκ
311 873 458 954 ἀναξίως
469 880 612 962 ἐποίησε
624 888 683 965 τῆς
697 881 832 959 Τροίας,
848 887 910 940 τοῦ
921 877 956 941 δέ
968 879 1142 961 Πινδάρου
1156 879 1212 944 διά
1225 905 1261 945 τε
1273 887 1333 970 τήν
1346 882 1427 967 λαμ-

173 983 325 1066 πρότητα
341 987 400 1065 τής
417 982 553 1065 φύσεως
567 981 624 1041 καί
638 983 692 1042 ότι
706 982 764 1041 τόν
780 985 946 1066 πρόγονον
963 972 1068 1042 αύτού
1080 984 1137 1044 καί
1153 984 1329 1064 ὁμώνυμον
1345 987 1428 1072 ἐπῄ-

172 1099 266 1146 νεσεν
285 1073 506 1164 Ἀλέξανδρον
528 1083 586 1142 τὸν
611 1078 793 1166 φιλέλληνα
816 1079 1045 1166 ἐπικληθέντα
1069 1085 1218 1168 ποιήσας
1243 1086 1293 1160 εἰς
1316 1078 1427 1163 αι’τόν,

326 1179 450 1264 ὀλβίων
472 1183 629 1262 ἐπώνυμε
650 1180 876 1267 Δαρδανιδᾶν.

171 1284 228 1348 διά
258 1292 357 1347 τοῦτο
386 1284 448 1367 γάρ
480 1285 537 1345 καί
572 1283 687 1368 Θήβας
714 1286 854 1367 ύστερον
881 1284 1026 1368 πορθῶν
1051 1287 1157 1370 μόνην
1178 1283 1340 1350 κατέλιπε
1368 1291 1429 1374 τήν

120 1395 150 1446 10
174 1389 283 1450 οἰκίαν
305 1387 365 1471 τήν
387 1386 514 1446 ἐκείνου
536 1381 696 1460 κελεύσας
717 1387 920 1468 ἐπιγράψαι,

321 1483 497 1569 Πινδάρου
520 1493 583 1547 τοῦ
601 1493 817 1567 μουσοποιοῦ
837 1488 897 1571 τήν
922 1489 1039 1569 στέγην
1061 1489 1105 1573 μή
1129 1491 1235 1550 κάετε.

168 1589 258 1676 ήπου
282 1585 411 1673 πολλήν
434 1588 605 1672 ήπίστατο
625 1589 723 1671 χάριν
745 1592 818 1662 τοῖς
834 1589 935 1650 αύτδν
953 1583 1200 1669 ἐγκωμιάζουσι
1214 1592 1259 1676 μή
1278 1587 1426 1675 φαύλως,

171 1694 277 1766 ούτως
298 1693 384 1772 άγαν
408 1686 590 1774 φιλότιμος
613 1691 668 1750 ὤν.

255 1794 298 1855 Τί
316 1789 353 1853 δέ
358 1813 370 1867 ;
387 1789 483 1852 εἶπεν
496 1791 515 1852 ό
528 1787 716 1866 Φίλιππος,
734 1788 760 1850 ὦ
774 1794 850 1867 παῖ,
870 1793 958 1852 πάνυ
970 1791 1032 1875 γάρ
1051 1787 1159 1876 ήδέως
1177 1793 1289 1854 ἀκούω
1308 1809 1368 1854 σου
1380 1794 1421 1854 τά
1434 1806 1474 1867 34

116 1903 144 1953 ιο
166 1902 307 1957 τοιαῦτα
317 1890 481 1975 λέγοντος,
493 1884 571 1954 οὐδὲ
582 1890 712 1975 οἴκησιν
722 1887 833 1967 ἀξιοῖς
841 1893 1114 1954 κατεσκευάσθαι
1123 1895 1180 1954 τόν
1188 1891 1332 1973 βασιλέα
1340 1897 1428 1978 πρός

166 1995 287 2084 ήδονήν
310 1999 559 2080 κεκοσμημένην
577 1991 690 2078 χρυσῷ
712 1995 769 2056 καί
785 1991 929 2078 ήλέκτρφ
946 1996 1003 2055 καί
1021 1990 1180 2078 ἐλέφαντι
1199 1999 1273 2068 τοῖς
1289 1991 1427 2057 πολυτί-

164 2119 243 2179 μοις
250 2120 262 2175 ;
277 2087 323 2160 Ου’
330 2095 454 2176 δαμῶς,
468 2095 574 2173 εἶπεν,
587 2095 743 2179 ὦπάτερ,
757 2091 846 2155 πολύ
859 2092 1031 2174 δὲμᾶλλον
1046 2091 1179 2170 σκύλοις
1191 2098 1295 2158 τεκαὶ
1306 2093 1427 2171 ὅπλοις

166 2198 340 2281 πολεμίων
353 2195 499 2282 ἀνδρῶν·
514 2199 571 2259 καὶ
580 2199 621 2257 τά
631 2216 668 2278 γε
682 2196 754 2280 ίερά
764 2198 935 2271 τοιούτοις
945 2200 1087 2276 κόσμοις
1100 2194 1305 2260 ἱλάσκεσθαι
1316 2199 1425 2260 καθά-

165 2324 229 2388 περ
246 2295 400 2384 ύἝκτωρ
416 2296 522 2384 ήξίου,
535 2295 808 2383 προκαλούμενος
818 2299 876 2359 τόν
888 2299 1028 2382 άριστον
1038 2305 1104 2360 τῶν
1113 2291 1272 2379 Ἀχαιῶν·
1285 2303 1425 2384 ότικρα·

116 2413 144 2463 m
165 2407 270 2488 τήσας
286 2405 324 2464 τό
343 2404 405 2482 μὲν
426 2407 523 2480 σῶμα
539 2397 716 2462 ἀποδώσει
727 2403 801 2472 τοῖς
814 2401 1010 2479 συμμάχοις,
1026 2401 1067 2461 τά
1087 2398 1122 2462 δὲ
1138 2399 1237 2478 όπλα,
1255 2404 1331 2487 ἐφη,
1350 2419 1424 2464 σκυ-

165 2503 283 2581 λεύσω,

316 2607 372 2668 καί
393 2606 524 2688 κρεμόω
549 2604 631 2664 ποτί
653 2605 732 2686 νηόν
750 2597 967 2676 Ἀπόλλωνος
989 2605 1133 2665 ἑκάτοιο.

164 2708 211 2792 τῴ
236 2711 340 2771 παντί
360 2707 423 2791 γάρ
445 2707 605 2790 κρείττων
628 2703 726 2778 οὗτος
748 2708 874 2782 κόσμος
896 2710 963 2764 τῶν
988 2705 1086 2787 ἱερῶν
1107 2706 1126 2789 ή
1149 2699 1350 2786 σμαράγδων
1364 2706 1421 2766 καί
1434 2707 1473 2769 35

167 2804 316 2890 σαρδίων
344 2809 401 2869 καὶ
431 2808 572 2886 δνύχων,
604 2806 676 2880 οἷος
705 2802 745 2891 ήν
769 2807 788 2866 ό
813 2801 1083 2889 Σαρδαναπάλου
1114 2806 1193 2889 περὶ
1223 2805 1337 2865 Νίνον.
1385 2806 1421 2865 ού

116 2919 142 2971 2⁶
163 2910 226 2993 γάρ
249 2905 419 2989 βασιλέως
446 2908 650 2970 τὰτοιαῦτα
681 2903 936 2993 φιλοτιμήματα
967 2904 1138 2986 ούδαμῶς,
1170 2896 1246 2967 ἀλλ’
1279 2906 1421 2991 ἀνοήτου

117 3025 149 3074 ω)
163 3013 225 3090 μὲν
253 3011 395 3091 παίγνια
422 3012 538 3092 κόρης,
568 3007 756 3070 ἀκολάστου
786 3006 822 3070 δὲ
850 3011 1014 3090 γυναικός.
1067 3008 1184 3071 οδκουν
1215 3005 1292 3070 ούδὲ
1315 2999 1419 3094 Ἀθη-
1434 3009 1474 3070 36

165 3114 281 3184 ναίους
305 3111 421 3184 οὕτως,
444 3110 521 3193 ἔφη,
551 3105 637 3193 ζηλῶ
667 3119 726 3196 τῆς
749 3108 904 3194 δαπάνης
930 3111 987 3171 καὶ
1008 3107 1229 3186 πολυτελείας
1258 3120 1318 3195 τῆς
1343 3112 1424 3196 περί

164 3215 224 3298 τήν
254 3208 356 3273 πόλιν
384 3211 441 3271 καί
469 3211 510 3270 τά
541 3211 614 3294 ίερά
636 3214 717 3272 ὅσον
738 3218 806 3272 τῶν
829 3212 933 3296 ἔργων
956 3211 978 3269 ά
1000 3209 1151 3296 ἔπραξαν
1182 3215 1216 3275 οί
1238 3216 1420 3298 πρότερον·

164 3317 222 3376 τὸν
250 3315 313 3397 γάρ
345 3313 503 3395 ἀκινάκην
531 3312 589 3373 τὸν
612 3309 811 3394 Μαρδονίου
841 3308 929 3372 πολύ
958 3316 1157 3398 σεμνότερον
1185 3317 1242 3377 καί
1270 3319 1422 3401 κρεῖττον

116 3425 142 3476 11)
164 3417 327 3500 ἀνάθημα
351 3415 484 3494 ἔχουσιν
506 3415 563 3474 καί
591 3412 652 3486 τάς
674 3415 850 3474 Λακώνων
873 3409 1024 3487 ἀσπίδας
1052 3421 1120 3476 τῶν
1148 3417 1184 3476 ἐν
1205 3413 1308 3498 Πύλφ
1336 3418 1421 3478 ποτέ

232 3585 245 3634 1
264 3576 459 3650 τυγχάνοντεσ
476 3577 503 3634 V
577 3573 631 3634 τὸν
648 3573 823 3641 ύὲ-έκεῑνος
841 3575 949 3641 seclusi,
967 3590 1037 3644 quae
1057 3577 1116 3630 sine
1134 3576 1218 3633 dubio
1236 3578 1271 3633 ab
1289 3580 1342 3635 hoe
1361 3579 1421 3636 loco

161 3665 249 3720 aliena
266 3670 330 3720 sunt
382 3658 470 3720 στὸν
486 3678 537 3731 pro
555 3666 608 3735 τῆσ
624 3662 647 3716 Ρ
664 3659 844 3730 (compendio)
917 3655 1143 3729 θδμύτιμσνίί
1213 3661 1326 3718 8Pind.
1340 3663 1375 3719 fr.
1389 3669 1421 3718 91

161 3750 251 3816 Bergk
268 3749 370 3814 (Schol.
388 3747 465 3803 Nem.
484 3747 536 3802 VII
555 3751 577 3813 1)
672 3751 704 3800 10
722 3747 837 3799 alterum
855 3738 906 3815 τὴν
924 3759 977 3799 om.
996 3743 1044 3799 UB
1137 3745 1290 3803 κατέλιπεν
1308 3747 1330 3799 Ρ

164 3838 193 3889 11
213 3830 264 3904 τήν
275 3849 328 3888 om.
340 3833 388 3887 UB
442 3837 474 3888 12
487 3826 576 3889 αύτδν
592 3828 795 3905 ἐγκομιάζουσι
806 3829 828 3883 Ρ
840 3824 1066 3902 ἐγκωμιάζουσιν
1077 3829 1103 3884 V
1150 3833 1181 3884 13
1192 3835 1257 3898 post
1269 3829 1421 3903 φιλότιμος

161 3913 204 3974 (δν
224 3918 357 3973 sententia
373 3917 508 3986 postulat:
533 3906 627 3987 (δίστε
643 3921 692 3974 καί
710 3919 768 3973 τῶν
785 3910 943 3989 προγόνων
962 3911 1048 3987 χάριν
1070 3909 1144 3986 ἔχειν
1166 3924 1229 3982 τοῖς
1245 3913 1420 3988 ἐπαινέταις)

161 4003 259 4058 similia
305 4002 461 4059 14τίόαίῑί
505 4007 536 4058 15
546 3998 626 4074 πρὸσ
638 3996 835 4075 ἦδονήνοω.Π
889 4005 921 4054 16
931 3998 1063 4073 ἐλέφαντι
1075 4003 1123 4056 καί
1134 3992 1265 4076 ἠλέκτρῳ
1277 4001 1340 4067 (hoc
1351 4003 1419 4068 ord.)

162 4088 209 4143 UB
281 4091 312 4142 18
331 4082 503 4144 ἱλάσκεσθαι
519 4090 686 4156 suspectum,
704 4079 856 4144 ἀσκεῖσθαι
874 4085 989 4151 δείσειε,
1009 4077 1198 4158 ἀγλαίζεσθαι
1216 4085 1321 4154 Unger3
1344 4089 1419 4142 totus

162 4173 238 4228 locus
258 4173 319 4228 inde
338 4176 419 4228 ικαὶ
436 4169 506 4246 τάγε
523 4171 640 4242 graviter
657 4171 765 4226 laborat
824 4166 961 4242 καθάπερ
978 4173 1027 4227 καί
1046 4163 1062 4226 ὃ
1080 4169 1130 4225 UB
1186 4175 1218 4225 19
1236 4167 1419 4242 προσκαλσύ·

160 4291 279 4359 μενοσΡ
319 4296 379 4348 τῶν
391 4246 503 4362 ἀξυιῶν
512 4261 695 4366 τδνοίίριστον
704 4289 828 4356 Pw(sed
838 4306 890 4346 om.
900 4294 953 4361 αβ)
997 4278 1252 4355 δτισσδερεοδοίί
1296 4293 1329 4344 22
1339 4289 1419 4345 Hom.

161 4375 279 4431 111183
350 4380 382 4431 23
394 4368 547 4446 κύσμυσΡ
594 4369 914 4448 21ύσαρόανάπαλλσσ
925 4374 973 4428 UB
1021 4375 1053 4426 28
1065 4374 1125 4428 τῶν
1137 4388 1189 4428 om.
1199 4373 1259 4428 PW
1306 4373 1334 4432 σί
1345 4371 1420 4448 πρό-

162 4479 242 4532 τεροι
258 4460 295 4515 W
382 4466 414 4518 29
432 4457 489 4533 γὰρ
513 4477 565 4517 om.
584 4461 631 4516 ΠΒ
718 4463 749 4514 30
768 4455 892 4531 ἔχουσαν
910 4458 958 4515 UB
976 4451 1103 4516 ἀσπίόασ
1119 4461 1168 4514 καί
1186 4463 1245 4515 τῶν
1262 4459 1311 4516 UB
