3068 5160
673 335 795 390 DIONIS
814 334 865 388 ΒΕ
880 333 1007 390 REGNO

505 644 552 723 (3)
575 641 729 722 ΠΕΡΙ
751 639 1099 723 ΒΑΣΙΛΕΙΑΣ
1121 641 1163 718 Γ.

181 912 195 969 1
299 906 478 990 Σωκράτης
504 896 685 988 Ἀθήνησι,
716 903 907 986 πρεσβύτης
937 895 1018 984 ἀνὴρ
1047 901 1104 962 καὶ
1133 903 1253 982 πένης,
1286 898 1327 959 δν
1358 899 1420 958 καὶ
1444 898 1480 956 σύ

215 1009 409 1088 γιγνώσκεις
438 1006 521 1089 ἀκοῇ
552 1007 620 1088 πρὸ
650 1006 738 1065 πάνυ
770 1000 906 1065 πολλῶν
935 1005 1019 1064 ἐτῶν
1048 1004 1240 1082 γενόμενον,
1272 999 1481 1078 πυθομένου

216 1110 307 1182 τινδς
341 1108 372 1168 εί
405 1104 587 1184 εὐδαίμονα
616 1101 748 1185 νομίζοι
775 1108 833 1167 τδν
861 1106 1005 1188 Περσῶν
1032 1099 1185 1183 βασιλέα,
1219 1104 1341 1181 Τυχόν,
1374 1099 1479 1175 εἶπεν,

216 1207 402 1287 εὐδαίμων·
426 1209 484 1268 οὐκ
505 1209 571 1292 ἔφη
597 1205 632 1269 δέ
656 1208 757 1281 αὐτὸς
779 1205 907 1269 είδέναι
931 1203 986 1267 διά
1010 1207 1048 1266 τδ
1070 1199 1116 1288 μὴ
1141 1203 1374 1286 συγγενέσθαι
1391 1200 1479 1283 αὐτῷ

215 1308 299 1396 μηδὲ
323 1311 518 1391 γιγνώσκειν
542 1310 663 1381 δποῐός
678 1309 753 1369 έστι
767 1304 826 1392 την
844 1305 1007 1384 διάνοιαν,
1031 1308 1077 1380 ὡς
1094 1307 1152 1367 οὐκ
1167 1303 1366 1384 ἀλλαχόθεν
1384 1303 1480 1384 οἶμαι
1498 1315 1509 1362 5

216 1415 410 1494 γιγνόμενον
433 1411 471 1471 τύ
496 1407 715 1489 εὐδαιμονεῖν,
739 1410 809 1471 άπδ
830 1411 1061 1494 χρυσωμάτων
1082 1409 1102 1492 ἢ
1120 1405 1253 1470 πόλεων
1276 1408 1296 1492 ἢ
1318 1409 1442 1490 χώρας
1462 1407 1479 1489 ἢ

217 1510 327 1573 ἄλλων
351 1512 564 1595 ἀνθρώπων,
595 1512 722 1590 ἑκάστῳ
748 1507 784 1571 δὲ
808 1514 901 1595 παρά
924 1532 960 1572 τε
990 1512 1095 1571 αύτού
1113 1511 1169 1570 καί
1191 1517 1250 1590 τῆς
1274 1510 1389 1570 αὐτού
1411 1506 1481 1570 δια·

184 1615 325 1688 2νοίας.
364 1616 382 1674 ύ
402 1616 463 1693 μὲν
487 1613 544 1674 σύν
558 1613 747 1695 Σωκράτης,
771 1615 824 1674 δτι
846 1615 1020 1694 ἐτύγχανεν
1042 1614 1185 1695 ἀπειρος
1201 1613 1247 1673 ών
1262 1618 1326 1672 τού
1341 1612 1481 1696 Πέρσου

219 1723 277 1800 τῆς
299 1723 419 1799 ψυχῆς,
443 1716 587 1797 ἀπειρος
608 1718 721 1798 ηγεῖτο
745 1712 833 1775 εἶναι
854 1716 911 1776 καὶ
932 1722 991 1799 τῆς
1014 1711 1231 1792 εὐδαιμονίας
1258 1713 1379 1774 αὐτού.
1418 1713 1479 1793 ἐγώ

219 1816 265 1894 δέ,
289 1816 315 1878 ὦ
332 1820 460 1898 γενναῖε
479 1816 695 1899 αὐτοκράτορ,
719 1819 932 1900 παραγέγονά
950 1832 1015 1892 σοι,
1038 1817 1094 1877 καὶ
1109 1817 1206 1894 τυχὸν
1223 1811 1366 1888 οὐδενδς
1382 1815 1480 1900 ἦττον
1499 1823 1519 1871 lo

218 1921 380 2002 έμπειρός
403 1918 474 1996 είμι
496 1925 555 2003 τῆς
579 1925 639 2001 σῆς
663 1920 808 2003 φύσεως,
831 1922 884 1980 δτι
906 1920 1078 1999 τυγχάνεις
1097 1918 1224 2000 χαίρων
1248 1913 1407 2000 ἀληθείᾳ
1428 1917 1480 1976 καὶ

186 2022 397 2105 3παρρησίηι
418 2014 543 2098 μᾶλλον
565 2019 585 2102 ἢ
608 2019 750 2102 θωπείᾳ
772 2022 828 2081 καί
850 2020 975 2102 ἀπάτη.
1021 2020 1138 2081 αὐτίκα
1166 2018 1226 2092 τὰς
1248 2019 1311 2098 μὲν
1335 2015 1480 2100 ἀλόγους

218 2121 342 2207 ηδονάς
364 2122 580 2196 ὑποπτεύεις,
603 2121 763 2204 καθάπερ
788 2122 996 2205 ἀνθρώπους
1017 2118 1171 2197 κόλακας,
1193 2122 1272 2193 τούς
1297 2117 1334 2181 δέ
1352 2124 1480 2192 πόνους

217 2226 415 2302 ὑπομένεις,
445 2218 597 2303 ἐλέγχους
624 2219 875 2303 ὑπολαμβάνων
904 2221 993 2284 εἶναι
1020 2231 1080 2308 τῆς
1107 2223 1236 2306 ἀρετῆς.
1288 2218 1416 2306 ἐπειδὴ
1447 2219 1479 2283 δέ

219 2327 285 2409 δρῶ
321 2339 374 2400 σε,
408 2323 630 2407 αὐτοκράτορ,
668 2327 907 2405 ἐντυγχάνοντα
940 2329 1013 2398 τοῖς
1047 2321 1210 2397 παλαιοῖς
1243 2319 1397 2407 ἀνδράσι
1428 2326 1481 2386 καί
1500 2331 1523 2379 15

221 2430 373 2487 συνιέντα
399 2426 573 2508 φρονίμων
587 2427 644 2486 καί
660 2426 806 2508 ἀκριβῶν
823 2423 938 2507 λόγων,
964 2428 1051 2510 φημί
1070 2421 1109 2509 δὴ
1128 2431 1247 2510 σαφῶς
1262 2422 1374 2509 ἀνδρα
1392 2425 1481 2488 εἶναι

216 2529 392 2610 μακάριον,
405 2528 463 2587 τδν
474 2528 634 2610 μεγίστην
645 2528 706 2606 μὲν
719 2527 836 2604 έχοντα
848 2524 987 2606 δύναμιν
999 2528 1083 2607 μετά
1093 2529 1172 2601 τούς
1183 2528 1298 2604 θεούς,
1311 2525 1479 2590 κάλλιστα

182 2643 200 2699 4
219 2627 254 2690 δὲ
270 2627 317 2710 τῴ
335 2626 507 2689 δύνασθαι
520 2631 701 2712 χρώμενον.
741 2619 768 2709 ᾦ
783 2629 845 2711 γάρ
862 2625 936 2704 έξδν
952 2631 1113 2691 ἀπάντων
1127 2631 1188 2709 μὲν
1204 2625 1397 2692 ἀπολαύειν
1413 2638 1479 2692 τῶν

217 2726 340 2815 ηδέων,
369 2727 513 2813 μηδενός
536 2726 571 2791 δέ
599 2731 793 2814 πειρᾶσθαι
815 2737 882 2791 τῶν
904 2733 1096 2808 ἐπιπόνων,
1124 2731 1347 2814 ῥᾳθυμοῦντα
1372 2728 1411 2793 δὲ
1434 2733 1480 2805 ὡς
1494 2743 1524 2793 (32

219 2831 349 2892 οἷόντε
372 2832 554 2911 βιοτεύειν,
586 2829 757 2893 συνελόντι
781 2829 816 2892 δὲ
848 2834 973 2909 εἰπεῖν,
1003 2836 1195 2917 πράττοντα
1219 2835 1283 2908 ό,τι
1305 2830 1479 2913 βούλεται,
1501 2842 1524 2891 20

218 2934 255 2991 οὐ
278 2934 382 3010 μόνον
404 2928 592 3006 κωλύοντος
617 2930 751 3006 οὐδενός
773 2926 849 3014 [ὄπι
871 2928 1041 3016 βούλεται]
1064 2931 1148 2995 ἀλλά
1170 2936 1227 2996 καί
1241 2936 1478 2998 ἐπαινούντων

183 3034 396 3107 5άπάντων,
421 3030 519 3106 οὗτος
549 3036 568 3094 δ
590 3035 688 3118 ἀνήρ,
718 3037 798 3095 δταν
826 3017 848 3118 ᾖ
871 3039 1101 3120 νομιμώτερος
1127 3039 1188 3116 μέν
1219 3031 1381 3120 δικαστὴς
1411 3044 1478 3098 τῶν

217 3134 301 3194 κατά
323 3130 443 3218 κλῆρον
460 3130 671 3212 δικαζόντων,
695 3137 944 3221 ἐπιεικέστερος
961 3134 996 3201 δὲ
1011 3137 1171 3218 βασιλεύς
1185 3145 1252 3199 τῶν
1271 3139 1478 3200 ἀπευθύνων

218 3238 252 3296 έν
286 3239 362 3308 ταῖς
391 3233 532 3298 πόλεσιν
562 3238 747 3322 ἀρχόντων,
778 3235 987 3324 δικαιότερος
1017 3238 1053 3302 δὲ
1085 3243 1268 3325 στρατηγὸς
1296 3249 1365 3303 τῶν
1396 3245 1477 3302 έπο-

217 3342 325 3415 μένων
350 3345 582 3422 στρατιωτῶν,
614 3336 892 3425 φιλοπονώτερος
916 3339 951 3402 δέ
980 3344 1015 3404 έν
1040 3345 1150 3402 άπασι
1179 3347 1251 3415 τοῖς
1274 3344 1388 3427 ἔργοις
1411 3351 1523 3406 τῶνῶ

220 3431 279 3500 ὑπ’
306 3441 448 3524 ἀνάγκης
471 3444 676 3519 πονούντων,
701 3439 839 3504 ἔλαττον
863 3440 898 3504 δέ
921 3441 1124 3523 βουλόμενος
1139 3451 1269 3528 τρυφάν
1285 3451 1353 3507 τῶν
1375 3444 1476 3530 μηδε-

217 3549 296 3620 μιάς
319 3535 555 3627 εὐπορούντων
577 3553 716 3629 τρυφῆς,
740 3536 958 3627 εὐνούστερος
975 3543 1010 3606 δέ
1026 3550 1099 3618 τοῖς
1113 3546 1278 3629 ὑπηκόοις
1293 3553 1361 3608 τῶν
1378 3544 1476 3632 φιλο-

305 3717 468 3796 Ῑάθήνηισι
486 3725 512 3779 V
581 3722 766 3796 2γινώσκεισ
784 3725 882 3780 UVPY
960 3729 1076 3782 3τινοο
1093 3727 1135 3782 bis
1154 3728 1337 3783 exoratumV
1420 3733 1477 3787 τών

218 3812 334 3881 ,τεροών
352 3810 398 3864 VP
479 3806 661 3880 5γινώσκειν
678 3809 726 3862 ΡΥ
811 3808 889 3865 ἐστιν
906 3810 932 3864 U
1023 3806 1191 3868 o't'MoUovV
1286 3810 1476 3886 δχρυσευμοί-

217 3913 276 3949 των
293 3892 368 3947 UBV
446 3898 595 3949 ἵπολλών
612 3894 659 3948 ΡΥ
677 3911 726 3962 pro
745 3890 841 3952 ἄλλων
916 3893 1020 3952 ἑαυτοῦ
1036 3897 1126 3965 priore
1143 3897 1203 3951 loco
1218 3897 1268 3952 UB
1341 3903 1372 3952 lo
1391 3893 1475 3956 αὐτο·

216 3973 334 4048 κράτωρ
352 3979 377 4033 V
467 3983 497 4032 12
516 3973 617 4034 αὐτίκα
629 4011 656 4017 -
668 3974 772 4051 ἀρετῆς
788 3984 918 4048 suspecto.
935 3982 1062 4050 Emperio
1151 3987 1183 4036 14
1199 3978 1262 4038 ἐπεὶ
1284 3982 1315 4039 δὲ
1331 3982 1409 4038 UBV

221 4067 250 4114 15
270 4057 462 4135 αὐτοκράτωρ
480 4062 505 4116 U
524 4064 637 4118 offendit
654 4064 733 4133 Emp.
759 4065 931 4134 compellatio
954 4067 1026 4119 intra
1049 4067 1129 4122 breve
1150 4067 1268 4134 spatium
1289 4069 1408 4136 repetito.

217 4140 354 4218 ἀνδράσιν
371 4148 397 4202 U
495 4153 524 4202 18
544 4144 578 4205 τὸ
598 4145 736 4205 δύνασθαι
753 4149 801 4202 ΡΥ
903 4144 1062 4223 άπαλάβειν
1079 4153 1101 4205 P
1120 4146 1305 4208 ἀπολαύοντα
1325 4154 1409 4207 ceteri

218 4235 249 4284 20
268 4251 300 4287 τε
316 4247 367 4299 pro
386 4232 415 4289 δὲ
432 4233 480 4286 ΡΥ
548 4230 738 4305 βιωτεύεινΰ
791 4239 821 4290 21
843 4225 896 4301 δτι
915 4229 1051 4308 βούλεται
1070 4236 1165 4293 om.Y
1217 4241 1250 4290 22
1270 4232 1285 4294 ὁ
1305 4253 1356 4294 om.
1376 4237 1424 4292 ΡΥ

217 4312 412 4388 νομιμότεροο
424 4319 450 4371 V
503 4323 536 4372 24
551 4315 731 4391 δικαιότερος
747 4320 801 4372 iam
819 4321 911 4376 Geolio
930 4322 1082 4391 displicuit3
1102 4314 1279 4394 ἀοκνότερος
1290 4323 1332 4376 vel
1349 4318 1474 4391 κοσμιώ-

217 4418 301 4468 τερος
318 4399 475 4469 Emporius;
495 4404 585 4457 malim
604 4397 813 4478 εὐτακτότερος
883 4412 914 4461 26
933 4398 1061 4478 ἀνάγκην
1078 4408 1126 4463 UB
1197 4411 1229 4461 22
1248 4411 1359 4478 τρυφῆσ
1378 4423 1471 4476 apogr.

216 4497 285 4550 τους
308 4491 420 4556 τροφῆσ
437 4488 559 4541 UBVPY
627 4484 770 4560 διτηκύοισ
787 4487 853 4561 ηδε·
872 4495 931 4546 τῶν
949 4496 1021 4560 (post
1039 4515 1056 4563 η
1073 4493 1167 4558 litum
1183 4486 1224 4546 ”a
1241 4497 1323 4558 corr.)
1341 4492 1363 4544 P
