3068 5160
224 320 265 380 46
684 315 1020 373 οιοιιιευεεσουο

227 499 302 559 οὐτε
327 498 491 582 οὐρανίων
516 496 591 559 οὐτε
614 499 784 579 ἐπιγείων,
807 485 885 556 ἀλλ’
912 490 988 555 οὐδὲ
1011 501 1072 555 τοῦ
1093 489 1166 580 ζῆν·
1188 493 1246 554 καί
1267 499 1382 553 ταῦτα
1401 489 1491 553 οὐδέ-

175 605 311 664 75ποτε
333 603 452 679 κάμνει
472 594 699 682 χαριζόμενος.
743 595 834 682 ἦπού
862 616 899 678 γε
930 592 1084 657 δουλείαν
1114 591 1285 657 δουλεύειν
1319 595 1412 680 φαίη
1442 616 1490 669 τις

227 704 267 764 ἀν
290 704 379 762 πάνυ
404 702 550 785 ίσχυράν.
596 703 627 763 εί
649 701 711 785 γάρ
733 701 790 762 καί
806 701 945 783 σμικρόν
961 695 1138 783 ἀμελήσειε
1152 698 1209 759 καί
1223 697 1412 782 παραβαίη
1436 705 1491 783 τῆς

227 805 331 864 αὐτοῦ
359 799 502 880 τάξεως,
533 799 629 865 οὐδέν
656 799 778 864 κωλύει
808 804 920 863 πάντα
942 803 1003 880 μὲν
1026 801 1183 883 οὐρανόν,
1215 806 1336 861 πάσαν
1359 797 1400 862 δέ
1423 809 1489 885 γῆν,

227 913 341 968 πάσαν
370 902 405 967 δέ
436 903 612 967 θάλατταν
642 903 817 983 οἴχεσθαι,
848 906 959 964 πάντα
994 900 1029 965 δέ
1060 909 1178 963 τοῦτον
1207 903 1266 963 τόν
1290 900 1411 988 εὐειδῆ
1441 905 1519 964 καὶὸ

225 1010 390 1092 μακάριον
405 1011 532 1087 κόσμον
547 1010 606 1093 την
622 1009 799 1091 αἰσχίστην
813 1007 869 1067 καί
881 1002 1125 1089 χαλεπωτάτην
1141 1005 1310 1084 ἀκοσμίαν
1328 1013 1489 1091 φανῆναι.

176 1119 282 1179 76νόν
313 1108 364 1188 δέ,
395 1112 511 1192 ὥσπερ
540 1111 575 1170 έν
607 1106 689 1194 λύρη
719 1110 883 1193 φθόγγων
912 1109 1103 1186 ἁπτόμενος
1125 1103 1288 1186 ἐμμελῶς,
1321 1103 1490 1170 οὐδέποτε

226 1210 401 1289 ἐξίσταται
424 1220 483 1296 τῆς
504 1212 662 1294 καθαράς
690 1230 725 1272 τε
748 1212 804 1272 καί
826 1211 930 1293 ἀκρας
953 1210 1132 1292 ἁρμονίας,
1161 1210 1243 1288 μίαν
1270 1209 1412 1272 ἀείκαὶ
1435 1213 1491 1295 τὴν

177 1316 329 1399 77αὐτην
353 1314 466 1374 ἀπιών
490 1309 576 1374 ὁδόν.
615 1314 692 1374 ἐπεί
715 1311 750 1374 δέ
775 1309 884 1374 δεῖται
906 1313 967 1390 μέν
990 1308 1092 1386 ἀλέας
1113 1315 1132 1395 η
1156 1319 1195 1396 γη
1216 1312 1305 1372 ὥστε
1329 1320 1491 1398 γεννῆσαι

226 1417 267 1476 τά
293 1419 443 1500 φυόμενα
466 1417 523 1477 καὶ
546 1417 633 1477 ὥστε
656 1412 801 1501 αὐξῆσαι
822 1416 879 1476 καί
902 1415 988 1474 ὥστε
1011 1409 1218 1489 ἐπιτελέσαι,
1249 1410 1366 1476 δεῖται
1391 1412 1431 1476 δέ
1454 1417 1491 1477 τά
1509 1423 1527 1472 11

227 1513 295 1598 ζῷα
318 1519 374 1578 καί
399 1518 567 1601 σωτηρίας
590 1520 683 1578 ἕνεκα
707 1524 773 1579 τῶν
797 1519 963 1596 σιυμάτων
978 1517 1034 1578 καί
1055 1512 1178 1600 ἡδονῆς
1191 1524 1252 1601 τῆς
1266 1517 1357 1579 κατὰ
1376 1521 1491 1602 φύσιν,

228 1616 378 1698 δεόμεθα
403 1615 437 1680 δὲ
462 1621 599 1681 πάντων
621 1617 770 1699 μάλιστα
792 1624 905 1704 ἡμεῖς,
936 1621 994 1679 άτε
1017 1615 1180 1702 πλείστης
1199 1612 1387 1702 χρῄζοντες
1413 1621 1490 1705 βοη-

226 1722 344 1797 θείας,
373 1722 480 1804 θέρος
508 1722 670 1806 ἐποίησεν
692 1722 745 1782 ἀεί
767 1714 845 1804 [καί]
874 1717 1016 1800 μᾶλλον,
1048 1722 1210 1804 ἐγγυτέρω
1240 1723 1406 1804 προσιών
1434 1730 1490 1808 τῆς

226 1828 389 1908 ἡμετέρας
412 1825 584 1908 οἰκήσεως,
610 1824 663 1885 ἵνα
687 1825 798 1884 πάντα
820 1825 881 1903 μὲν
905 1825 1006 1907 φύσῃ,
1029 1825 1141 1884 πάντα
1158 1819 1193 1882 δέ
1216 1822 1352 1907 θρέψῃ,
1377 1827 1488 1886 πάντα

228 1924 263 1988 δέ
286 1923 465 2010 τελειώσῃ,
495 1927 598 1986 θείαν
621 1922 657 1986 δέ
679 1927 735 1986 καί
757 1925 961 2009 θαυμαστὴν
990 1927 1147 2008 παράσχῃ
1177 1927 1250 1997 τοῖς
1279 1925 1488 2010 ἀνθρώποις
1508 1936 1527 1985 11

176 2027 436 2114 78εὐφροσύνην
459 2049 495 2089 τε
517 2029 574 2089 καί
596 2029 722 2110 ἑορτήν.
768 2029 845 2088 ἐπεὶ
868 2023 903 2087 δέ
928 2027 972 2087 αὐ
992 2024 1096 2088 πάλιν
1119 2021 1224 2086 τάλλα
1251 2047 1287 2087 τε
1309 2029 1372 2090 καί
1393 2031 1488 2110 ἡμεῖς

227 2135 262 2192 ἐν
281 2133 378 2214 χρείᾳ
400 2131 587 2211 γιγνόμεθα
611 2138 670 2215 τῆς
685 2130 839 2203 ἐναντίας
856 2131 1022 2212 κράσεως·
1047 2125 1156 2190 δεῖται
1177 2129 1238 2207 μὲν
1260 2128 1326 2212 γάρ
1343 2130 1415 2191 ὐπδ
1432 2137 1489 2190 τοῦ

230 2235 357 2313 ψύχους
378 2233 419 2292 τά
445 2234 585 2310 σώματα
610 2232 856 2307 συνίστασθαι,
888 2229 997 2292 δεῖται
1027 2228 1062 2291 δέ
1087 2232 1291 2304 πυκνώσεως
1317 2232 1363 2292 τά
1389 2234 1486 2317 φυτά,

228 2331 338 2395 δεῖται
361 2330 396 2394 δέ
421 2334 555 2417 ὄμβρων
576 2331 596 2417 η
620 2342 676 2418 γῆ·
701 2330 805 2394 πάλιν
828 2335 967 2394 ἀπεισιν
990 2324 1055 2417 ἀφ’
1081 2336 1173 2414 ημῶν
1189 2332 1430 2416 ἀφιστάμενος
1451 2335 1486 2393 τὸ

175 2437 214 2498 79
225 2441 372 2519 μέτριον.
420 2437 507 2496 οὕτω
532 2432 567 2496 δέ
591 2437 679 2495 πάνυ
703 2431 868 2518 ἀσφαλῶς
890 2436 946 2495 καί
969 2435 1144 2518 ἀραρότως
1166 2439 1265 2519 τηρεῖ
1283 2436 1367 2510 τούς
1389 2438 1486 2520 δρους
1505 2447 1527 2496 11

227 2541 313 2621 πρὸς
331 2540 368 2598 τά
384 2542 464 2622 ημῖν
482 2541 663 2622 συμφέρον,
681 2537 767 2597 ὥστε
784 2535 851 2597 εἴτε
863 2538 1018 2621 προσιών
1034 2533 1146 2619 ὀλίγον
1161 2540 1325 2621 ἐγγυτέρω
1342 2542 1484 2620 γένοιτο,
1498 2555 1532 2605 (ωῑ

227 2643 338 2702 πάντα
370 2641 410 2701 ἀν
435 2636 670 2724 συμφλέξειεν,
702 2636 769 2699 εἴτε
793 2639 906 2700 ἀπιών
928 2642 1046 2724 μικρδν
1072 2636 1275 2723 ὑπερβάλοι,
1306 2642 1423 2701 πάντα
1446 2640 1485 2701 ἀν

175 2743 214 2807 80
227 2744 421 2826 ἀποψυγείη
453 2740 501 2823 τῴ
530 2744 631 2824 κρύει.
695 2743 771 2802 ἐπεὶ
802 2737 836 2801 δέ
867 2741 1110 2825 ἀσθενέστεροι
1140 2745 1256 2825 φέρειν
1289 2741 1395 2822 ἐσμὲν
1428 2744 1484 2828 την

224 2841 413 2929 μεταβολὴν
437 2845 570 2926 ἀθρόαν
592 2847 804 2927 γιγνομένην,
838 2835 912 2905 κατ’
941 2841 1052 2925 ὀλίγον
1075 2851 1179 2905 ταῦτα
1202 2851 1408 2927 μηχανᾶται,
1431 2846 1485 2906 καὶ

225 2949 352 3027 τρόπον
375 2947 450 3006 τινὰ
475 2942 639 3006 λανθάνει
663 2939 849 3019 συνεθίζων
871 2947 931 3024 μὲν
947 2950 1031 3027 ημᾶς
1048 2942 1104 3007 διά
1121 2952 1182 3006 τοῦ
1195 2941 1275 3029 ἦρος
1291 2947 1485 3030 ὑπενεγκεῖν
1503 2959 1526 3009 11

226 3049 262 3106 τά
286 3047 401 3128 θέρος,
426 3041 668 3129 προγυμνάζων
692 3044 727 3108 δὲ
752 3042 807 3106 διὰ
823 3053 885 3107 τοιῖ
903 3049 1104 3131 μετοπώρου
1117 3054 1266 3126 χειμῶνα
1285 3049 1481 3129 ἀνέχεσθαι,

224 3151 259 3209 ἐκ
291 3150 352 3227 μέν
386 3155 448 3207 τοῦ
476 3154 642 3227 χειμῶνος
675 3144 824 3208 θάλπων
856 3139 931 3207 κατ’
964 3145 1092 3229 ὀλίγον,
1127 3151 1163 3210 ἐκ
1197 3146 1232 3210 δέ
1267 3158 1330 3212 τοῦ
1357 3153 1482 3236 θέρους

224 3251 417 3332 ἀναφόχων,
449 3251 535 3312 ώστε
566 3247 705 3324 ἀλύπως
733 3251 960 3334 ἀφικνεῖσθαι
988 3254 1075 3334 πρὸς
1104 3255 1264 3335 ἑκατέραν
1292 3255 1353 3338 την
1382 3256 1480 3337 ὐπερ-

309 3465 376 3526 Ῑτὸ
396 3473 447 3541 ζῆν
463 3470 515 3525 UV
600 3465 690 3527 θκάν
708 3465 831 3542 σμικρὸν
848 3469 897 3524 UB
980 3465 1218 3526 5θάλλαττανΡ
1301 3467 1481 3542 θάκοσμίαν

222 3552 370 3626 έχονταθ
456 3548 664 3629 ῖφθδγκονΡ
750 3558 816 3611 θτε
835 3554 931 3609 om.V
1025 3551 1070 3612 ἀεί
1088 3570 1140 3610 om.
1158 3554 1234 3611 UBV
1325 3550 1482 3628 θάγαιωῖν

222 3635 335 3697 δόὸνθ
385 3647 422 3714 γῆ
438 3646 572 3714 γεννῆσαι
590 3631 810 3707 (οω.ώστε)ΠΒ
865 3645 895 3694 10
914 3640 1008 3696 δέοιυ.
1027 3641 1053 3695 U
1070 3655 1104 3696 m.
1122 3656 1163 3709 pr.
1218 3645 1247 3694 11
1269 3636 1432 3699 z'vsxevUv

221 3721 326 3797 ἦδονῆσ
343 3732 401 3784 τών
417 3723 492 3785 κατὰ
510 3728 559 3782 UB
630 3731 661 3780 12
680 3723 807 3795 δεόμεθα
824 3729 873 3781 καί
890 3719 973 3795 ἡμεῖσ
990 3721 1108 3783 πάντων
1125 3722 1249 3795 μάλιστα
1267 3726 1318 3781 UB
1385 3730 1416 3780 13
1434 3729 1480 3782 καί

222 3812 273 3867 del.
296 3813 390 3881 Emp.;
414 3813 493 3868 fort.:
518 3813 607 3884 θέρος
630 3810 766 3883 ἐποίησεν
783 3805 927 3868 ἀλεαίνων
943 3813 1068 3880 μᾶλλον,
1092 3809 1236 3884 ἐγγυτέρω
1259 3807 1406 3884 προσιών,
1431 3806 1480 3883 τὴν

221 3891 362 3968 ἡμετέραν
380 3895 499 3970 οίκησιν.
559 3903 589 3951 15
603 3895 749 3970 παράσχοι
761 3897 837 3952 UBV
891 3901 922 3950 16
940 3915 972 3952 τε
983 3897 1059 3964 prius
1072 3896 1163 3952 om.V
1216 3893 1301 3953 πάλιν
1319 3892 1415 3954 πολλὰ
1432 3900 1479 3952 καί

221 3980 303 4056 ἡμεῖσ
321 3985 370 4040 UB
440 3979 531 4041 ιτεαλά
545 3983 668 4048 (alterum
680 3987 696 4037 λ
709 3996 854 4051 superscr.‚
873 3982 929 4037 vin
941 3985 1047 4047 rasura)
1059 3981 1081 4034 P
1143 3988 1173 4036 11
1192 3977 1335 4052 γινόμεθα
1347 3981 1423 4038 UVP

221 4073 323 4127 scribe:
347 4077 435 4128 δεῖται
452 4069 505 4137 μὲν
522 4064 579 4139 γάρ
597 4073 650 4125 τοῦ
667 4064 775 4140 ψύχους
793 4063 828 4124 τὰ
848 4064 968 4135 σώματα
985 4058 1088 4137 (offan)
1106 4069 1294 4124 συνίστασθαι
1364 4070 1399 4121 19
1418 4060 1478 4138 ἀφι-

222 4149 363 4225 στάμενος
380 4148 436 4227 ἀφ’
453 4150 723 4224 ἧμώνίίιοσοεδ.)Ρ
776 4146 810 4207 τὸ
825 4168 875 4206 om.
889 4152 937 4207 UB
991 4144 1217 4210 ἳθοῧτωσῐΝΡ
1275 4155 1304 4204 21
1326 4151 1480 4224 συμφέρων

221 4240 299 4294 Um.
317 4256 358 4308 pr.
420 4242 451 4292 23
471 4233 636 4311 ἀποπαγείη
653 4238 778 4307 Xenoph.
797 4238 911 4291 Memor.
930 4238 978 4303 IV,
997 4242 1050 4292 3.8
1069 4253 1147 4307 quem
1170 4237 1290 4293 imitatur
1349 4240 1383 4290 24
1405 4255 1480 4308 γινο-

220 4323 306 4394 μένην
322 4323 348 4378 V
401 4328 432 4377 25
451 4321 565 4398 τρόπον
583 4319 646 4381 τινὰ
660 4322 814 4382 λανθάνειν
830 4328 879 4380 καὶ
897 4326 1056 4392 συνεθίζων
1072 4319 1150 4394 ἧμάσ
1167 4327 1221 4380 τοῦ
1237 4314 1348 4395 ἧροσῨ
1367 4313 1480 4394 τρόπον

221 4401 297 4476 ἢμοῖσ
314 4406 469 4464 λανθάνειν
487 4413 551 4474 ί-ων
560 4411 593 4477 Β)
605 4413 654 4465 καί
667 4410 823 4477 συνεθίζων
841 4405 904 4466 τινὰ
922 4413 974 4465 τοῦ
991 4400 1065 4479 ἧροσ
1082 4409 1132 4464 UB
1195 4403 1394 4479 ὐπενέγγεινΡ

221 4494 253 4544 26
271 4485 314 4548 διδι
333 4506 385 4546 0111.
404 4493 479 4548 UBV
