3068 5160
583 308 720 365 ORATIO
737 310 785 364 XI.
1252 311 1312 372 123

58 478 214 566 ξάνδρου,
238 475 286 546 δι’
304 484 344 569 ήν
363 488 502 569 συνέστη
519 486 538 545 δ
553 481 712 565 πόλεμος,
736 481 854 570 ἐπειδή
874 481 1115 570 συνωργίζοντο
1132 487 1173 548 ἀν
1188 489 1314 563 πάντες

58 588 93 649 οἰ
113 593 158 671 τῇ
180 587 323 670 ποιήσει
344 588 597 667 ἐντυγχάνοντες
618 588 674 648 καὶ
705 582 978 671 συνεφιλονίκουν
1007 589 1092 671 ὑπὲρ
1117 595 1178 648 τού
1198 585 1314 664 τέλους

57 690 115 751 καί
125 684 246 773 μηδείς
255 684 347 772 ήλέει
358 691 437 763 τούς
451 692 571 771 Τρῶας
583 679 641 773 ἐφ’
662 687 713 762 οίς
724 689 889 767 έπασχον·
909 684 1008 771 [ούτω
1020 691 1083 774 γάρ
1096 692 1313 775 εὐνούστερον

57 792 116 853 καί
129 790 393 874 προθυμότερον
410 786 496 866 έξειν
512 786 628 870 ἔμελλε
643 792 701 851 τόν
717 784 905 875 ἀκροατήν]
940 793 971 853 εἰ
988 781 1022 853 δ’
1042 792 1086 852 αδ
1099 789 1256 872 ἐβούλετο
1272 793 1313 853 τά
1324 796 1365 859 29

24 897 203 975 ύμίγιστα
231 893 288 954 καί
318 892 539 977 φοβερώτατα
569 893 680 953 εἰπεῖν
708 894 765 954 καί
794 893 893 976 πάθη
925 891 1131 955 παντοδαπά
1153 895 1210 955 καὶ
1233 909 1313 973 συμ-

59 996 183 1083 φοράς,
206 995 259 1055 έτι
275 990 310 1055 δέ
327 992 345 1053 δ
361 995 499 1055 πάντων
513 991 661 1074 μάλιστα
678 996 817 1068 ἕκαστος
832 995 960 1057 ἐπόθει
975 996 1127 1072 ἀκοῦσαι,
1151 998 1186 1058 τί
1199 991 1314 1075 μεῖζον

10 1098 79 1183 Ἰἰή
103 1093 295 1181 δεινότερον
318 1093 404 1174 εἶχεν
427 1097 537 1157 εἰπεῖν
559 1104 619 1181 τῆς
641 1092 818 1172 άλώσεως,·
846 1097 921 1158 ούτε
944 1097 1152 1181 ἀνθρώπους
1175 1095 1314 1171 πλείους

60 1198 348 1284 ἀποθνήσκοντας
378 1195 454 1259 ούδὲ
482 1199 693 1282 οἰκτρότερον
721 1201 800 1272 τούς
825 1201 886 1278 μὲν
909 1201 968 1261 ἐπὶ
990 1201 1068 1274 τούς
1090 1200 1226 1280 βωμούς
1247 1206 1313 1260 τῶν

59 1302 156 1364 θεῶν
184 1302 472 1385 καταφεύγοντας,
501 1301 580 1373 τούς
608 1297 643 1360 δὲ
667 1300 895 1380 ἀμυνομένους
916 1303 1002 1385 ὑπὲρ
1025 1308 1092 1363 τῶν
1115 1305 1237 1362 τέκνων
1259 1303 1315 1362 καί

11 1410 40 1467 11
58 1410 128 1467 τῶν
142 1410 317 1486 γυναικῶν,
342 1402 418 1464 ούτε
432 1402 623 1485 γυναῖκαςή
642 1403 838 1485 παρθένους
862 1397 1003 1486 [ἄλλοτε]
1019 1405 1185 1485 ἀγομένας
1205 1397 1314 1486 [βασι-

60 1499 171 1589 λίδας]
187 1507 247 1568 έπί
263 1501 398 1587 δουλείᾳ
414 1505 520 1566 τεκαὶ
537 1506 685 1588 αἰσχύνη,
702 1504 762 1578 τάς
777 1507 838 1583 μὲν
854 1501 994 1588 ἀνδρῶν,
1018 1506 1079 1579 τάς
1095 1503 1130 1567 δί
1148 1509 1314 1588 πατέρων,

59 1611 123 1685 τὰς
140 1606 176 1672 δέ
192 1604 350 1693 ἀδελφῶν
366 1607 631 1685 ἀποσπωμένας,
654 1606 715 1680 τάς
732 1603 770 1667 δέ
784 1628 878 1681 τινας
895 1608 1004 1669 αὐτῶν
1020 1615 1086 1669 τῶν
1102 1605 1314 1690 ἀγαλμάτων,

60 1713 198 1797 δρώσας
211 1713 272 1790 μὲν
284 1711 362 1783 τούς
376 1705 560 1793 φιλτάτους
574 1701 723 1791 [ἀνδρας]
738 1711 773 1770 έν
791 1712 882 1794 φόνῳ
899 1714 1071 1788 κειμένους
1086 1712 1142 1771 καί
1156 1712 1200 1795 μή
1219 1708 1314 1772 δυνα-
1362 1707 1365 1713 ’

58 1819 166 1895 μένας
188 1811 421 1873 ἀσπάσασθαι
442 1807 527 1894 μηδὲ
549 1806 709 1872 καθελεῖν
731 1812 810 1884 τούς
833 1808 1047 1896 ὀφθαλμούς,
1072 1814 1205 1896 ὁρώσας
1221 1809 1256 1873 δὲ
1273 1813 1314 1873 τά

14 1924 41 1979 15
59 1918 169 2003 νήπια
180 1915 290 1999 βρέφη
304 1915 391 1998 πρὸς
403 1921 444 1996 τῇ
456 1921 497 1997 γῇ
510 1915 680 1991 παιόμενα
694 1914 803 1992 ώμῶς,
818 1913 892 1974 ούτε
905 1914 977 1997 ἱερά
988 1915 1211 1998 πορθούμενα
1221 1915 1314 1976 θεῶν
1326 1920 1366 1981 30

60 2018 140 2081 οὔτε
148 2020 330 2102 χρημάτων
342 2013 479 2101 πλῆθος
491 2010 725 2098 ἁρπαζόμενον
738 2015 813 2076 οὔτε
824 2006 900 2075 κατ’
915 2017 1019 2100 ἀκρας
1029 2013 1108 2101 ὅλην
1118 2019 1299 2099 ἐμπιμπρα

58 2126 165 2206 μένην
183 2113 268 2206 [τήν]
286 2116 387 2180 πόλιν
403 2118 478 2178 ούτε
493 2111 630 2196 μείζονα
653 2118 735 2202 βοήν
758 2119 776 2201 ή
800 2120 927 2178 κτύπον
947 2115 1074 2196 χαλκοῦ
1087 2139 1123 2180 τε
1138 2121 1194 2180 καί
1209 2120 1316 2202 πυρός

58 2231 129 2287 τῶν
151 2224 214 2303 μέν
238 2222 494 2308 φθειρομένων,
520 2225 586 2279 τῶν
611 2215 646 2279 δέ
670 2222 920 2302 ῥιπτουμένων·
951 2221 1052 2282 ἀτδυ
1075 2222 1233 2304 Πρίαμον
1257 2241 1316 2282 πε-

60 2326 187 2409 ποίηκε
209 2321 353 2406 ,λέγοντα
380 2313 440 2384 ἐπ’
466 2318 578 2402 ὀλίγον
602 2323 648 2394 ὡς
670 2323 831 2399 έσόμενα,
862 2322 1003 2398 άτυχόν
1027 2321 1116 2404 αὕτη]
1141 2325 1187 2397 ὡς
1208 2327 1316 2405 γιγνό-

10 2434 39 2491 δ)
57 2448 146 2509 μενα
163 2423 325 2503 διελθεῖν,
342 2428 436 2499 ὅπως
452 2420 608 2504 ἐβούλετο
624 2424 681 2484 καὶ
694 2415 779 2502 μεθ’
797 2425 878 2484 όσου
894 2420 999 2484 τάλλα
1013 2425 1135 2486 εἰώθει
1147 2423 1315 2505 δείματος,

60 2526 260 2614 ἐκπλήττων
289 2550 325 2590 τε
353 2529 409 2590 καὶ
432 2523 540 2603 αύξων
564 2526 605 2586 τά
627 2528 822 2608 μικρότατα.
868 2527 899 2586 εἰ
923 2522 960 2586 δέ
981 2525 1163 2610 γεήθελεν
1186 2526 1365 2612 ἀνδρῶν31

61 2633 245 2716 ἐπισήμων
273 2632 383 2692 εἰπεῖν
412 2630 580 2702 θάνατον,
611 2633 686 2700 πῶς
716 2624 865 2688 ἀπέλιπε
894 2629 952 2688 τόν
982 2636 1043 2689 τοῦ
1061 2621 1239 2707 Ἀχιλλέως
1261 2633 1318 2692 καί

61 2735 122 2796 τὸν
145 2740 208 2794 τού
222 2733 402 2812 Μέμνονος
423 2732 480 2792 καὶ
492 2721 683 2807 Ἀντιλόχου
706 2731 762 2790 καὶ
776 2727 930 2803 Αἴαντος
951 2731 1008 2790 καὶ
1030 2732 1135 2792 αὐτοῦ
1155 2740 1216 2792 τοῦ
1225 2722 1316 2794 Ἀλε-

62 2831 229 2920 ξάνδρου,·
252 2841 326 2909 πῶς
350 2831 385 2895 δέ
409 2835 468 2918 τήν
485 2824 677 2910 Ἀμαζόνων
702 2832 879 2913 στρατείαν
901 2833 957 2893 καί
979 2835 1038 2917 τήν
1059 2836 1167 2918 μάχην
1190 2836 1317 2919 ἐκείνην

12 2946 43 2999 5
64 2940 126 3024 τήν
157 2934 335 3020 λεγομένην
365 2943 426 2996 τοῦ
444 2927 623 3012 Ἀχιλλέως
651 2934 708 2992 καὶ
735 2941 794 3017 της
813 2924 996 3011 Ἀμαζόνος
1024 2937 1187 3015 γενέσθαι
1214 2934 1317 3022 καλήν

65 3041 175 3114 ούτως
197 3041 254 3101 καί
276 3034 489 3121 παράδοξον,·
518 3038 622 3096 ὁπότε
651 3037 709 3095 τόν
732 3038 887 3113 ποταμόν
912 3034 1001 3117 αύτηῖ
1025 3040 1192 3123 πεποίηκε
1213 3042 1367 3118 μαχό-32

63 3161 167 3223 μενον
198 3142 282 3224 ὑπὲρ
313 3146 374 3199 τοῦ
402 3136 507 3220 λέγειν
531 3159 564 3198 τι
587 3138 804 3215 θαυμαστόν,
836 3139 887 3198 ἔτι
911 3135 946 3199 δί
969 3148 1030 3200 τοῦ
1048 3131 1241 3225 Ἡφαίστου
1263 3145 1320 3205 καί

64 3251 129 3306 τοῦ
141 3239 361 3326 Σκαμάνδρου
377 3244 485 3325 μάχην
499 3242 556 3302 καί
571 3247 637 3301 τῶν
653 3235 763 3299 ἀλλων
780 3239 872 3300 θεῶν
889 3242 976 3323 πρὸς
992 3238 1165 3322 ἀλλήλους,
1188 3247 1319 3328 τροπάς

65 3366 102 3408 τε
131 3346 189 3407 καί
216 3346 320 3428 ήττας
348 3345 404 3405 καί
426 3345 600 3426 τραύματα
628 3333 822 3422 [ἐπιθυμῶν
844 3344 908 3417 δ,τι
931 3340 1026 3404 εἴποι
1047 3350 1132 3426 μέγα
1155 3347 1211 3407 καί
1234 3347 1319 3406 θαυ-

14 3456 43 3509 ω
63 3438 227 3529 μαστόν],
256 3446 324 3506 ὑπὸ
354 3445 503 3527 ἀπορίας
532 3446 738 3526 πραγμάτιον
767 3445 939 3504 τοσσάτιον
965 3446 1016 3505 ἔτι
1038 3449 1093 3507 καὶ
1116 3444 1319 3531 τηλικούτων

156 3717 168 3765 1
190 3701 242 3768 σίν
260 3703 419 3782 ω’ργίζοντο
437 3713 500 3775 (om.
519 3704 565 3771 ἀν)
583 3708 653 3776 libri,
672 3724 740 3762 corr.
760 3707 861 3762 Reiske
931 3713 946 3761 3
966 3699 1042 3765 οδτω
1060 3703 1116 3781 γάρ
1130 3741 1161 3750 -
1174 3705 1323 3782 ἀκροατήν

66 3798 134 3855 τεεί.
149 3797 228 3864 wi1.;
245 3795 306 3864 ipse
323 3794 610 3864 1ηυερουευοιααυ1ε
628 3789 722 3865 ἐπειδὴ
741 3795 786 3849 1.1
841 3800 857 3847 4
875 3789 994 3863 ἔμελλον
1013 3794 1037 3849 V
1090 3800 1103 3847 1
1121 3791 1141 3867 ἢ
1157 3792 1323 3869 δεινότερον

67 3875 281 3957 ἔχειΒείχενή
292 3876 493 3954 όεινότερονῐ]
545 3878 716 3933 scribendum
734 3874 875 3951 οὔτεγὰρ
928 3871 1060 3936 Βούό’Β
1122 3886 1150 3934 10
1163 3877 1268 3938 ἄλλοσε
1282 3880 1322 3935 T?

65 3966 173 4028 ἄλλοτε
191 3975 219 4023 et
235 3967 382 4039 βασιλίδας
399 3965 471 4019 delet
489 3963 552 4019 Wil.
640 3957 787 4036 άγομέναο
805 3959 823 4036 ἢ
840 3966 994 4035 βασιλίδασ
1012 3964 1084 4020 UBT
1167 3970 1197 4019 13
1216 3961 1323 4037 ἄνδρας

65 4053 164 4109 delevit
180 4051 245 4107 wil.
319 4054 350 4105 14
367 4054 502 4107 καθελεῖν
521 4044 592 4106 τοὺσ
616 4042 796 4120 άδελφοδσλί
867 4055 897 4104 15
916 4049 1002 4106 τέκνα
1020 4065 1070 4119 pro
1086 4049 1180 4124 βρέφη
1198 4050 1270 4106 UBT

68 4142 100 4193 16
117 4134 422 4208 ίμπινιραμὲνηνῐίΒΤ
507 4140 535 4188 11
549 4129 600 4206 τήν
612 4135 676 4189 secl.
689 4135 753 4190 Wil.
809 4139 840 4189 18
853 4134 1098 4206 φθεγγομένωνλ
1152 4139 1182 4190 19
1201 4129 1219 4192 ά
1235 4130 1323 4206 τυχὸν

66 4226 214 4293 σοπαρίας
232 4215 300 4288 ἐξὸν
316 4219 421 4275 Selden.
439 4213 572 4293 ὑπάρχον
589 4220 684 4290 Emp.;
703 4219 820 4274 fortasse
837 4222 932 4276 καίτοι
950 4216 1015 4286 ἐξόν
1076 4223 1108 4272 20
1126 4223 1175 4275 καί
1192 4236 1228 4274 m.
1247 4219 1272 4274 V

65 4304 157 4367 τᾶλλα
176 4306 304 4374 casaub„
321 4297 395 4376 τάχα
413 4304 475 4358 libri
543 4301 631 4378 οἰώθη
649 4305 697 4360 UB
767 4301 940 4376 όιηγήματοσ
958 4320 1007 4374 pro
1025 4306 1163 4374 δείματοσ
1182 4303 1252 4359 UBT

67 4391 270 4450 Ἀθανάτονσ
286 4389 336 4445 UT
406 4393 439 4443 24
458 4385 685 4461 οτρατιάνῦΒΤ
755 4393 787 4442 26
805 4385 823 4460 ἢ
842 4385 934 4446 ὁπότε
952 4389 1000 4444 UT
1065 4393 1095 4442 27
1115 4410 1142 4446 τι
1160 4389 1254 4446 om.V

67 4482 100 4535 28
118 4475 278 4547 [ἐπιθυμῶν
290 4507 323 4515 -
335 4471 516 4542 θαυμαστόν]
536 4475 643 4539 seclusi,
663 4481 773 4530 secutus
793 4476 915 4529 Geelium
