3068 5160
591 315 728 370 ORATIO
746 316 794 369 XI.
1256 319 1315 378 131

59 498 131 553 τῶν
152 498 215 552 τοῦ
236 489 414 553 Μενελάου
437 494 521 576 μήτε
544 499 610 553 τῶν
639 499 700 553 τοῦ
725 490 901 576 Τυνδάρεω
932 495 1014 577 μήτε
1043 495 1121 567 τοὺς
1150 472 1330 579 άδελφοόςΙ

60 604 123 681 τῆς
141 585 288 678 Ἑλένης,
310 595 366 655 καί
388 602 492 654 ταῦτα
517 601 599 655 νεῶν
623 586 733 655 οὐσῶν
756 596 791 654 έν
814 603 854 677 τῆ
876 599 1077 679 Λακωνικῇ,
1101 597 1152 656 ἔτι
1176 592 1211 656 δέ
1235 599 1318 680 πρό-

59 715 159 779 τερον
182 690 268 779 πεζή
296 697 366 756 ἀπό
388 695 548 779 Σπάρτης
577 698 635 757 έπί
667 693 840 757 θάλατταν
869 700 1068 773 κατιόντιον,
1103 707 1318 783 παραχρῆμα,

60 800 109 873 ὡς
132 799 240 874 εἰκός,
270 798 474 882 περιβοήτου
504 802 681 881 γενομένης
704 806 763 882 τῆς
786 800 958 884 ἁρπαγῆς,·
986 801 1041 860 καὶ
1071 801 1158 860 οὕτω
1188 802 1248 878 μὲν
1279 792 1315 861 ου’

21 912 38 963 Ι
60 898 204 963 δυνατόν
227 897 344 961 ἐλθεῖν
364 892 491 984 Ἑλένην
514 901 598 979 μετά
618 892 853 983 Ἀλεξάνδρου·
883 899 976 981 γάμῳ
1003 898 1039 961 δέ
1063 893 1148 983 παρ)
1174 905 1317 964 έκόντων

61 1000 232 1065 δοθεῖσαν
264 1008 331 1062 τῶν
364 1003 506 1063 οἰκείων.
564 1004 650 1062 οὕτω
684 1003 746 1085 γάρ
782 999 917 1083 εὔλογον
950 999 989 1086 ήν
1018 1004 1077 1086 τήν
1106 1023 1141 1063 τε
1171 1002 1365 1086 Αἴθραν61

60 1105 257 1190 ἀφικέσθαι
278 1096 353 1183 μετ’
386 1105 488 1188 αὐτῆς
515 1106 571 1165 καί
600 1105 641 1163 τά
667 1106 821 1188 χρήματα
849 1105 1068 1189 κομισθῆναι.
1126 1103 1220 1166 οὐδὲν
1254 1107 1316 1189 γάρ

60 1209 192 1269 τούτων
215 1208 379 1291 ἁρπαγῆς,
403 1202 487 1266 ἀλλὰ
512 1203 599 1265 πολὺ
622 1202 749 1284 μᾶλλον
772 1204 878 1286 γάμου
903 1204 1043 1290 σημεῖόν
1065 1209 1166 1267 ἐστιν.

148 1310 227 1371 ἐπεὶ
242 1306 288 1384 δέ,
313 1311 359 1382 ὡς
375 1310 470 1393 ἔφην,
486 1311 640 1392 γαμήσας
656 1294 904 1391 δἈλέξανδρος
918 1305 1094 1392 ἀπηλλάγη
1110 1300 1185 1387 μετ’
1205 1310 1315 1393 αὐτῆς,

10 1412 81 1473 M
107 1431 145 1473 τε
168 1407 346 1484 Μενέλαος
377 1415 494 1495 ῆνιᾶτο
523 1418 582 1495 τῆς
603 1410 786 1493 μνηστείας
810 1410 988 1488 ἀποτυχὼν
1010 1411 1064 1470 καί
1088 1411 1145 1471 τόν
1169 1407 1316 1494 ἀδελφόν

59 1502 196 1597 ᾐτιᾶτο,
218 1513 275 1573 καί
297 1514 361 1596 ἔφη
387 1509 604 1596 προδοθῆναι
629 1503 690 1572 ὑπ’
718 1512 829 1586 αὐτοῦ,
853 1514 871 1572 ό
893 1532 928 1571 τε
948 1503 1163 1592 Ἀγαμέμνων
1189 1513 1315 1572 ἐκείνου
1326 1513 1367 1575 62

60 1616 124 1696 μέν
155 1613 256 1699 ήττον
279 1608 470 1697 ἐφρόντιζε,
499 1616 557 1674 τόν
577 1605 796 1696 Ἀλέξανδρον
820 1609 854 1673 δέ
879 1614 1039 1696 ἐφοβεῖτο
1060 1615 1116 1674 καὶ
1138 1614 1318 1675 ὑπώπτευε

60 1719 199 1803 μήποτε
220 1716 485 1799 ἀντιποιήσηται
500 1721 566 1775 τῶν
582 1716 617 1775 έν
633 1723 673 1798 τῇ
686 1706 817 1776 Ἑλλάδι
834 1717 1050 1798 πραγμάτιον,
1077 1718 1317 1798 προσηκόντων

62 1817 154 1901 αὐτῷ
187 1815 243 1879 διά
274 1819 331 1878 τὸν
361 1820 477 1898 γάμον.
525 1818 611 1877 οὕτω
641 1815 679 1902 δή
710 1820 766 1879 καί
794 1819 873 1890 τούς
902 1813 1024 1890 ἄλλους
1056 1813 1215 1897 συγκαλεῖ
1239 1819 1318 1890 τούς

10 1926 256 2006 [δόμνηστῆρας
279 1927 338 2004 τῆς
357 1910 501 2002 Ἑλένης,
531 1921 585 1980 καὶ
609 1921 674 2004 ἔφη
698 1920 906 2003 ὑβρισθῆναι
930 1920 1051 1991 αὐτοὺς
1074 1921 1238 1994 ἅπαντας,
1262 1921 1317 1980 καί

59 2026 122 2111 τήν
140 2014 281 2085 Ἑλλάδα
310 2022 630 2106 καταφρονηθῆναι,
660 2024 714 2082 καί
744 2024 803 2106 τήν
832 2021 972 2104 ἀρίστην
995 2025 1132 2101 γυναῖκα
1157 2018 1317 2098 οἴχεσθαι

60 2128 112 2201 εἰς
145 2127 227 2198 τούς
259 2125 451 2208 βαρβάρους
484 2120 704 2199 ἐκδοθεῖσαν,
739 2124 785 2195 ὡς
815 2119 950 2195 οὐδενός
977 2124 1074 2195 όντος
1103 2119 1198 2197 ἀξίου
1228 2113 1313 2205 παρ’

61 2228 189 2301 αὐτοῖς.
227 2234 331 2287 ταῦτα
356 2222 458 2306 λέγιον
482 2227 615 2302 τὸνμὲν
635 2221 832 2307 Τυνδάρειον
849 2229 1033 2307 παρῃτεῖτο
1049 2225 1105 2284 καὶ
1122 2223 1366 2309 σογγνώμην63

60 2330 150 2409 ἔχειν
184 2325 329 2390 ἐκέλευε·
365 2323 665 2410 παραλογισθῆναι
699 2327 761 2409 γάρ
799 2327 899 2387 αὐτόν
928 2327 995 2386 ὑπό
1026 2323 1158 2409 δώρων·
1192 2329 1250 2388 τόν
1281 2324 1316 2388 δὲ

10 2422 278 2514 ΙἍλέξανδρον
302 2428 412 2490 αἴτιον
435 2430 596 2489 ἁπάντων
612 2429 783 2512 ἀπέφαινε
798 2429 852 2488 καὶ
868 2429 926 2487 τόν
942 2428 1119 2511 Πρίαμον·
1141 2430 1197 2490 καί
1213 2448 1316 2512 παρε-

58 2530 157 2595 κάλει
187 2533 423 2614 συστρατεύειν
452 2531 510 2590 έπί
539 2531 598 2613 τήν
632 2532 773 2613 Τροίαν·
807 2526 937 2603 πολλάς
964 2530 1026 2613 γάρ
1056 2527 1199 2604 ἐλπίδας
1229 2532 1316 2608 ἔχειν

61 2636 218 2719 αἱρήσειν
241 2634 342 2717 αὐτήν
360 2635 596 2714 συναραμένων
612 2633 782 2692 ἁπάντων.
821 2636 998 2711 γενομένου
1016 2629 1051 2692 δέ
1067 2635 1186 2692 τούτου
1203 2629 1314 2692 πολλά

57 2738 215 2822 χρήματα
251 2732 456 2817 διαρπάσειν
490 2734 611 2806 αὐτοὺς
644 2735 699 2794 καί
726 2735 839 2816 χώρας
867 2735 1045 2816 κρατήσειν
1074 2741 1133 2818 τῆς
1163 2734 1312 2817 ἀρίστης.

61 2837 151 2901 εῖναι
173 2838 236 2921 γάρ
260 2839 318 2921 τήν
341 2838 402 2914 μὲν
425 2831 526 2896 πόλιν
550 2831 809 2918 πλουσιωτάτην
832 2836 993 2911 ἁπασῶν,
1018 2836 1097 2908 τούς
1121 2832 1155 2895 δέ
1180 2835 1314 2918 ἀνθρώ-

10 2948 149 3019 βπσυς
171 2941 239 3000 ὑπὸ
263 2947 392 3023 τρυφῆς
416 2934 703 3020 διεφθαρμένους·
727 2938 814 3015 ἔχειν
840 2934 875 2996 δέ
898 2939 953 2998 καί
978 2942 1143 3018 συγγενεῖς
1167 2933 1315 3011 πολλοὺς

60 3044 96 3104 έν
119 3049 160 3125 τῇ
173 3031 272 3122 Ἀσίη
295 3042 374 3114 τοὺς
396 3041 466 3099 άπδ
483 3036 653 3114 Πέλοπος,
679 3040 713 3098 οί
737 3035 991 3121 συμπράξουσιν
1015 3036 1115 3119 αὐτῷ,
1137 3046 1315 3117 μισοῦντες

59 3146 119 3206 τόν
141 3144 310 3226 Πρίαμον.
356 3149 460 3202 ταῦτα
491 3138 528 3225 δή
561 3142 753 3215 ἀκούοντες,
785 3142 818 3200 οἱ
847 3145 907 3218 μέν
937 3161 1026 3214 τινες
1055 3135 1234 3224 ὠργίζοντο
1259 3143 1313 3203 καί
1324 3144 1364 3205 64

59 3247 200 3325 ἀτιμίαν
229 3241 276 3324 τῷ
309 3245 381 3304 όντι
410 3238 562 3322 ἐνόμιζον
591 3251 650 3327 τῆς
670 3234 824 3315 Ἑλλάδος
853 3245 890 3302 τό
920 3247 1071 3323 γεγονός,
1101 3244 1134 3302 οί
1163 3239 1201 3304 δέ
1225 3265 1314 3317 τινες

57 3342 204 3433 ήλπιζον
227 3341 523 3429 ὠφεληθήσεσθαι
546 3347 616 3405 ἀπὸ
640 3352 699 3429 τῆς
724 3344 914 3425 στρατείας·
939 3341 1020 3419 δόξα
1043 3345 1104 3426 γὰρ
1127 3340 1167 3427 ήν
1189 3353 1256 3406 τῶν
1279 3348 1314 3407 έν

10 3464 39 3517 ω
56 3457 100 3533 τῇ
120 3439 221 3530 Ἀσίη
244 3449 451 3530 πραγμάτων
475 3448 520 3520 ὡς
542 3444 695 3528 μεγάλων
717 3447 771 3506 καί
795 3442 943 3504 πλούτου
967 3443 1247 3525 ὑπερβάλλοντος.
1282 3449 1313 3507 εί

56 3552 120 3631 μέν
150 3549 208 3612 οὖν
231 3548 428 3632 ήττήθησαν
454 3549 521 3608 ὑπὸ
546 3557 608 3608 τοῦ
634 3543 806 3608 Μενελάου
829 3549 1071 3629 μνηστεύοντες
1094 3550 1153 3631 τήν
1172 3539 1310 3631 Ἑλένην,

58 3653 118 3713 οὐκ
142 3652 184 3713 ἂν
206 3653 422 3734 ἐφρόντισαν,
445 3646 529 3709 άλλά
553 3650 747 3710 τούναντίον
763 3645 958 3732 ἐφήδεσθαι
973 3645 1111 3727 ἔμελλον
1128 3647 1231 3729 αὐτῷ·
1255 3657 1311 3710 νῦν

656 3775 925 3781 ——..-.—..—..--—
1136 3776 1312 3784 -—·--—.--.

144 3851 160 3901 2
178 3842 220 3904 ἔτι
238 3846 268 3903 δέ
286 3839 480 3919 άτιοριότερον
497 3841 539 3902 τίς
559 3838 619 3902 άπὸ
641 3842 781 3917 Σπάρτησ
798 3843 844 3902 ἐπὶ
863 3841 1016 3902 θάλασσαι·
1034 3839 1227 3917 άνενόχλητον
1244 3867 1311 3902 κατ-

55 3932 130 3990 ιέναι
148 3936 222 4003 πεζῇ
239 3935 362 3987 πολλοῑσ
380 3926 423 3987 ὥσ
441 3926 523 3987 είκδσ
540 3934 718 4003 παραχρῆμα
736 3930 913 4003 περιβοήτου
929 3936 981 3986 etc.
1001 3931 1026 3986 U
1112 3936 1127 3984 4
1147 3921 1241 3987 οδτωο
1258 3931 1311 3998 μὲν

55 4050 114 4108 UM
180 4050 235 4119 μὲν
252 4042 433 4106 άδάνατονΒ
504 4044 609 4118 5μετδι
629 4050 721 4105 τοῦΒ
790 4060 877 4121 γαμεῖ
893 4050 917 4104 V
934 4046 1021 4121 γάμοι
1041 4049 1070 4102 Μ
1145 4019 1311 4109 ὅδλθεῑσαν

55 4139 83 4199 (ο
97 4151 114 4189 a
126 4150 198 4189 mm.
211 4135 275 4199 div.)
294 4134 316 4187 V
388 4125 483 4191 οδτωο
500 4134 526 4188 U
596 4139 611 4187 9
629 4131 694 4190 ἐπεί
711 4154 756 4190 τοι
775 4135 850 4190 UssV
867 4133 931 4191 ἐκεῖ
948 4154 979 4190 τε
998 4135 1030 4200 Τ,
1049 4150 1118 4189 corr.
1138 4135 1168 4188 M
1237 4130 1309 4203 μετὰ

55 4216 164 4291 ταύτησ
174 4219 231 4273 VM
277 4224 308 4274 10
322 4219 699 4288 Meve'iewolibripraeterv
748 4216 902 4291 11έφηνΜ
952 4211 1277 4287 δτεεοιὶρεί,δδὲλίουί

56 4309 90 4360 12
108 4302 279 4377 ἐφρόντιζεν
295 4304 321 4358 V
389 4299 556 4360 ίτιάπτευεν
574 4305 596 4358 V
615 4296 778 4360 ὓπόπτευεν
795 4305 824 4357 Μ
904 4308 933 4356 13
953 4298 1167 4373 άντιποιήσεται
1185 4304 1258 4359 UBT

57 4394 91 4446 1⁴
109 4380 187 4447 οῗτιν
203 4409 236 4460 γε
254 4383 349 4459 δῆΙίΒ
420 4392 451 4442 18
469 4386 614 4461 τονδάρεω
632 4390 736 4443 VBMT
806 4394 839 4442 24
857 4388 1104 4458 niovotow'tqvV
1175 4394 1205 4442 29
1225 4410 1310 4460 στρα-

57 4480 123 4533 τιᾶσ
141 4473 214 4529 CBI'
232 4475 372 4545 σιρατίασ
389 4473 419 4526 Μ
491 4479 520 4529 31
540 4470 747 4545 μνηστεύοντες
764 4475 868 4542 scripsi,
885 4469 1095 4545 μνηστεύοντος
1112 4473 1173 4527 libri

1075 4557 1105 4612 9*
