3068 5160
218 296 281 355 184
674 294 799 351 DIONIS
816 294 867 349 DE
886 294 1012 350 EXILIO

218 472 414 554 ἄνθρωποι,
438 473 558 532 τούτου
581 474 674 533 ἐνεκα
689 468 925 550 μανθάνουσιν
941 472 1045 547 ὅπως,
1069 465 1210 530 ἐπειδάν
1228 471 1358 553 ήχρεία
1374 471 1480 554 ἐνστῇ

214 574 304 658 πρός
325 573 365 657 ήν
387 569 578 651 ἐμάνθανεν
600 576 750 650 ἕκαστος,
773 582 859 659 ποιῇ
881 576 919 635 τό
941 575 1026 635 κατά
1049 574 1108 658 τήν
1130 576 1256 655 τέχνην,
1279 569 1352 632 οἷον
1375 573 1395 632 ὁ
1417 573 1480 650 μὲν

216 675 418 758 κυβερνήτης
440 676 520 736 όταν
543 676 593 750 είς
614 677 674 760 τήν
696 683 776 737 ναῦν
797 676 893 760 ἐμβῇ,
917 673 964 758 τῴ
988 671 1143 759 πηδαλίῳ
1162 672 1395 734 κατευθύνων·
1421 670 1479 735 διά

218 783 318 838 τοῦτο
340 776 402 859 γάρ
426 773 599 856 ἐμάνθανε
620 778 794 862 κυβερνᾶν·
818 777 837 838 ό
860 774 895 838 δὲ
919 778 1035 860 ίατρός
1053 772 1196 837 ἐπειδάν
1212 770 1393 858 παραλάβῃ
1419 776 1480 836 τὸν

217 878 403 959 κάμνοντα,
425 882 499 952 τοῖς
522 876 715 963 φαρμάκοις
736 880 793 940 καί
814 883 887 953 τοῖς
910 879 990 961 περί
1006 881 1071 964 ,τήν
1094 874 1229 940 δίαιταν
1253 877 1415 954 ἰώμενος,
1441 872 1484 936 ού
1506 886 1520 934 5

162 985 312 1046 19ένεκα
340 982 504 1065 ἐκτήσατο
532 983 593 1066 τήν
615 982 804 1064 ἐμπειρίαν.
851 982 968 1042 ούκοῦν
995 982 1052 1043 καί
1081 983 1191 1060 ὑμεῖς,
1221 979 1304 1064 ἐφη,
1334 974 1481 1040 ἐπειδάν

218 1080 275 1167 δέῃ
298 1104 332 1144 τι
354 1079 582 1163 βουλεύεσθαι
606 1085 766 1168 περὶτῆς
788 1079 937 1160 πόλεως,
966 1079 1188 1155 συνελθόντες
1211 1081 1260 1154 εἰς
1282 1081 1341 1164 τήν
1364 1076 1480 1163 ἐκκλη-

219 1187 306 1260 σίαν,
331 1185 365 1245 oi
385 1186 447 1263 μὲν
468 1185 561 1264 ὑμῶν
583 1179 820 1269 κιθαρίζουσιν
843 1182 1057 1258 ἀναστάντες,
1083 1185 1117 1245 σί
1133 1180 1170 1244 δέ
1187 1203 1277 1255 τινες
1300 1178 1479 1258 παλαίετε,

217 1284 317 1348 ἀλλοι
340 1283 376 1347 δέ
398 1286 662 1368 ἀναγιγνώσκετε
685 1293 751 1348 τῶν
763 1277 907 1371 Ὁμήρου
930 1307 965 1348 τι
989 1283 1149 1367 λαβόντες
1170 1285 1189 1369 ἢ
1214 1291 1281 1346 τῶν
1296 1275 1480 1360 Ἡσιόδου,

217 1396 322 1451 ταῦτα
352 1388 414 1471 γάρ
444 1390 583 1468 ἄμεινον
612 1385 685 1450 ἴστε
714 1391 853 1472 ἑτέρων,
879 1389 936 1450 καὶ
964 1389 1034 1451 ἀπό
1061 1390 1189 1448 τούτων
1213 1384 1333 1448 οἴεσθε
1357 1381 1481 1471 ἀνδρες
1505 1395 1529 1446 11

217 1491 346 1573 ἀγαθοί
368 1490 515 1552 ἔσεσθαι
536 1491 593 1551 καί
614 1486 826 1573 δυνήσεσθαι
847 1487 887 1549 τά
912 1510 948 1551 τε
970 1490 1066 1551 καινά
1093 1485 1256 1573 πράττειν
1281 1487 1399 1571 ὀρθῶς
1421 1488 1480 1550 καί

216 1593 257 1654 τά
283 1588 371 1667 ἴδια,
394 1593 450 1653 καί
472 1599 528 1652 νῦν
557 1593 616 1653 ἐπί
642 1593 782 1666 ταύταις
803 1596 879 1665 ταῖς
901 1588 1038 1653 ἐλπίσιν
1062 1593 1183 1653 οίκεῐτε
1205 1592 1265 1676 τήν
1289 1585 1391 1650 πόλιν
1421 1590 1480 1651 καί

215 1696 295 1768 τούς
323 1697 417 1768 υίέας
445 1687 715 1777 παρασκευάζετε
749 1694 795 1767 ώς
827 1691 988 1767 δυνατούς
1016 1696 1197 1774 ἐσομένους
1221 1692 1377 1777 χρῆσθαι
1403 1697 1479 1766 τοῖς

216 1818 254 1859 τε
277 1798 387 1859 αὐτῶν
408 1797 464 1857 καί
485 1800 558 1869 τοῖς
581 1791 760 1878 δημοσίοις
783 1794 988 1879 πράγμασιν,
1013 1798 1048 1858 οί
1068 1797 1109 1859 ἀν
1126 1797 1247 1868 ἱκανῶς
1262 1793 1478 1877 κιθαρίσωσι

216 1894 383 1960 Παλλάδα
412 1894 622 1981 περσέπολιν
651 1894 764 1960 δεινάν
792 1899 811 1981 ἢ
841 1896 887 1979 τῳ
918 1896 1002 1961 ποδί
1035 1899 1124 1979 βῶσι
1151 1898 1238 1982 πρός
1266 1898 1325 1980 τήν
1357 1891 1478 1980 λύραν·
1503 1904 1531 1955 15

216 2004 311 2076 όπως
328 1997 363 2062 δέ
379 2000 555 2082 γνώσεσθε
570 2000 611 2061 τά
632 2000 851 2085 ’συμφέροντα
874 2001 952 2078 ύμῖν
976 2002 1092 2075 αὐτοῖς
1113 2001 1169 2062 καί
1190 2005 1232 2083 τῇ
1255 1993 1398 2081 πατρίδι
1420 1998 1479 2060 καί

216 2104 369 2183 νομίμως
396 2103 452 2164 καί
481 2098 620 2176 δικαίως
648 2092 732 2182 μεθ’
766 2103 926 2182 ὁμονοίας
955 2099 1205 2164 πολιτεύσεσθε
1232 2100 1289 2161 καί
1312 2099 1477 2184 οἰκήσετε,

215 2207 259 2290 μή
284 2200 409 2265 ἀδικῶν
432 2200 534 2277 ἀλλος
556 2201 658 2265 ἀλλον
681 2201 765 2288 μηδέ
781 2201 1021 2284 ἐπιβουλεύων,
1045 2211 1144 2265 τοῦτο
1162 2200 1196 2265 δὲ
1214 2197 1380 2263 ούδέπστε
1395 2202 1478 2280 ἐμύ-

164 2308 205 2368 20
217 2306 299 2368 θετε
323 2302 400 2367 οὐδὲ
423 2302 582 2390 ἐμέλησεν
605 2307 683 2385 ύμῖν
706 2308 850 2366 πώποτε
873 2302 949 2367 ούδὲ
972 2313 1029 2367 νῦν
1052 2306 1103 2367 ἐτι
1127 2298 1329 2390 φροντίζετε.
1402 2307 1477 2367 καί·

215 2426 271 2468 τοι
292 2403 485 2492 τραγῳδούς
508 2409 666 2468 ἑκάστοτε
690 2409 786 2491 ὁρᾶτε
808 2411 881 2479 τοῖς
896 2408 1095 2481 Διονυσίοις
1116 2408 1172 2469 καί
1194 2403 1317 2469 ἐλεεῖτε
1332 2405 1374 2466 τά
1398 2407 1478 2468 ἀτυ-
1501 2415 1530 2467 20

214 2510 348 2593 χήματα
370 2515 437 2570 τῶν
460 2509 495 2569 ἐν
517 2512 593 2582 ταῖς
615 2504 819 2592 τραγῳδίαις
845 2508 1057 2592 ἀνθρώπων·
1087 2498 1162 2568 ἀλλ’
1195 2510 1286 2588 όμως
1309 2504 1477 2572 οὐδέποτε

216 2610 454 2694 ἐνεθυμήθητε
476 2613 529 2672 ότι
553 2611 590 2670 σύ
614 2612 693 2694 περὶ
715 2613 795 2684 τούς
817 2611 1056 2695 ἀγραμμάτους
1079 2609 1155 2672 οὐδὲ
1179 2612 1259 2695 περὶ
1280 2613 1359 2685 τούς
1381 2609 1476 2694 ἀπᾴ-

218 2708 339 2785 δοντας
367 2709 443 2774 σύδέ
473 2714 552 2787 τούς
582 2713 640 2773 ούκ
669 2710 803 2787 εἰδότας
832 2709 992 2776 παλαίειν
1014 2715 1163 2795 γίγνεται
1184 2714 1226 2774 τὰ
1248 2714 1331 2775 κακά
1354 2697 1473 2791 ταῦτα,

217 2810 293 2876 ούδέ
310 2816 363 2876 ότι
379 2819 484 2898 πένης
502 2816 555 2888 τίς
577 2816 679 2890 ἐστιν,
705 2811 814 2888 ούδείς
836 2817 930 2877 ἐνεκα
953 2817 1072 2876 τούτου
1096 2813 1286 2899 τραγῳδίαν
1308 2810 1470 2891 ἐδίδαξεν.

215 2916 410 2977 τούναντίον
432 2916 495 2999 γάρ
519 2918 599 2999 περὶ
620 2918 699 2991 τούς
718 2907 857 3000 Ἀτρέας
877 2918 934 2978 καί
956 2919 1034 2991 τούς
1053 2907 1303 2998 Ἀγαμέμνονας
1324 2919 1381 2980 καί
1394 2920 1477 2993 τούς
1501 2929 1531 2980 25

219 3014 411 3091 Οἰδίποδας
435 3014 504 3079 ἴδοι
526 3039 579 3092 τις
601 3019 642 3079 ἀν
666 3021 781 3093 πάσας
797 3019 858 3093 τάς
874 3015 1073 3104 τραγῳδίας,
1091 3020 1125 3080 oi
1139 3016 1284 3082 πλεῖστα
1300 3023 1476 3106 ἐκέκτηντο

214 3120 367 3202 χρήματα
387 3126 516 3202 χρυσοῦ
534 3121 591 3182 καὶ
613 3121 757 3204 ἀργύρου
778 3124 835 3184 καί
855 3130 915 3206 γής
936 3124 992 3184 καί
1014 3122 1252 3206 βοσκημάτων·
1282 3125 1338 3186 καί
1361 3120 1400 3209 δή
1425 3122 1474 3206 τῳ
1491 3135 1534 3185 (22

164 3224 200 3283 21
217 3216 469 3302 δυστυχεστάτῳ
497 3223 606 3285 αὐτῶν
628 3224 791 3305 γενέσθαι
820 3225 907 3309 φασί
931 3231 1075 3306 χρυσοῦν
1104 3225 1287 3309 πρόβατον.
1331 3226 1388 3288 καὶ
1408 3228 1477 3312 μήν

215 3322 234 3380 ό
258 3319 410 3404 Θάμυρίς
431 3342 468 3403 γε
490 3323 529 3385 εό
541 3321 631 3404 μάλα
648 3327 874 3406 ἐπιστάμενος
895 3320 1086 3409 κιθαρίζειν
1107 3328 1164 3388 καί
1182 3328 1270 3412 πρός
1286 3327 1390 3402 αύτάς
1413 3328 1476 3402 τὰς

216 3423 362 3497 Μούσας
384 3419 502 3508 ἐρίζων
526 3429 605 3511 περί
619 3436 679 3512 τής
701 3429 875 3511 ἁρμονίας,
899 3425 1082 3513 ἐτυφλώθη
1103 3424 1160 3490 διὰ
1176 3436 1275 3490 τοῦτο
1295 3431 1352 3492 καί
1367 3446 1477 3511 προσ·
1500 3438 1530 3489 30

305 3698 315 3745 1
335 3690 516 3762 μανθάνουσι
535 3695 557 3748 Ρ
610 3700 624 3749 3
644 3695 804 3768 κατευθύνη
822 3697 891 3762 libri,
911 3711 980 3752 corr.
993 3696 1094 3751 Reiske
1162 3702 1179 3751 4
1197 3692 1363 3764 ἐμάνθανεν
1375 3697 1430 3751 ΒΜ

220 3773 380 3846 5ἰώμενοσ
397 3775 544 3851 θεραπεύῃ
562 3779 609 3832 ΡΥ
670 3775 827 3852 δήμεῖσΒ
881 3780 957 3837 isio
975 3797 1026 3836 om.
1045 3780 1076 3834 Μ
1129 3783 1352 3852 ἐκιθαρίζωσιν
1370 3782 1421 3838 UB

217 3857 307 3920 πάλαι
325 3860 381 3919 ἐτει
399 3863 429 3916 Μ
520 3869 535 3916 9
554 3861 636 3920 ἄλλοι
654 3865 684 3922 δέ
701 3859 932 3936 ἀναγιγνώσκετε
950 3880 1002 3918 om.
1019 3864 1050 3918 M
1136 3861 1348 3939 ἀναγινώσκετε
1373 3867 1400 3923 U

221 3953 248 4001 11
269 3944 460 4020 όυνήσεσθεΒ
512 3945 631 4020 πράξειν
648 3949 710 4004 libri
728 3955 841 4022 (πρᾶξιν
853 3949 901 4016 Μ),
920 3965 990 4005 corr.
1003 3949 1122 4005 Dindorf
1174 3956 1205 4005 12
1223 3955 1272 4008 καὶ
1290 3955 1342 4008 νῦν
1359 3967 1475 4022 corrup·

217 4037 284 4097 tum,
302 4033 365 4089 fort.
379 4037 427 4090 καὶ
440 4027 524 4091 αύτοί
535 4054 567 4090 τε
621 4034 782 4091 οίκεῐταιΜ
835 4039 865 4090 13
879 4031 1149 4108 παρασκεβάζετεΡ
1203 4040 1235 4091 14
1253 4030 1301 4093 οίσ
1318 4031 1356 4094 ἀν
1373 4037 1424 4093 UB

215 4120 408 4190 κιθαρίσωσιν
424 4115 443 4190 ἢ
459 4120 529 4187 libri,
548 4136 617 4174 corr.
636 4119 717 4188 Emp.
823 4125 852 4176 15
875 4120 1066 4191 περσέπτολιν
1083 4121 1130 4176 ΡΥ
1217 4116 1313 4179 όεινάν
1334 4119 1408 4178 θεὸν
1425 4121 1475 4176 ΡΥ

216 4194 336 4273 Ἀθηνᾶν
352 4219 403 4273 pro
422 4200 516 4262 δεινὰν
534 4205 583 4259 UB
650 4200 727 4276 ήτάι
746 4202 817 4263 πόδε
834 4206 881 4259 ΡΥ
970 4211 1000 4260 17
1019 4203 1227 4280 πολιτεύσησθε
1244 4207 1326 4264 UBM
1395 4202 1475 4278 οἰκή-

220 4304 299 4351 σεται
318 4289 348 4342 Μ
451 4294 483 4342 20
503 4283 686 4360 τάτυχήματα
704 4290 751 4344 ΡΥ
855 4295 888 4344 24
906 4290 991 4362 πένης
1003 4286 1081 4348 ἐστιν
1099 4283 1195 4350 ούόείσ
1212 4281 1247 4350 οὗ
1265 4288 1349 4349 ἕνεκα
1361 4311 1476 4368 τραγῳ-

217 4370 340 4445 όίανῃς
357 4371 480 4438 ἐδίδαξεν
497 4373 545 4427 ΡΥ
648 4380 680 4430 28
699 4372 913 4448 δηοτυχεστάτῳ
931 4370 1048 4448 αύτῳΡ
1140 4382 1173 4432 29
1193 4373 1328 4450 θαμύρας
1345 4396 1378 4449 γε
1397 4378 1424 4434 U

216 4461 249 4511 30
267 4452 413 4528 ἐτυφλώθη
432 4457 452 4510 Ρ
