3068 5160
196 308 257 368 118
667 303 790 359 DIONIS
808 301 973 358 TROIANA

196 480 252 545 διά
277 477 414 556 δειλίαν,
440 480 648 564 φοβούμενοι
670 480 749 552 τούς
772 499 807 539 τε
830 479 1003 551 θανάτους
1024 480 1080 540 καί
1096 479 1156 553 τάς
1171 475 1379 563 ἀλγηδόνας·
1402 479 1447 552 ὡς

197 582 231 647 δὲ
256 584 430 656 παθόντες
452 581 728 665 μνημονεύεσθαι
751 582 830 664 περὶ
853 578 983 642 πολλοῦ
1005 589 1193 642 ποιοῦνται.

149 687 186 748 11
283 687 346 769 ἐγὼ
364 681 399 746 δέ
417 672 497 744 οὔθ’
524 684 601 763 ύμῖν
614 677 833 766 χαριζόμενος
850 676 929 745 ούθ’
952 675 1082 768 Ὁμήρῳ
1101 679 1347 768 διαφερόμενος
1372 678 1445 742 ούδέ

195 797 253 874 τής
286 783 384 870 δόξης
414 787 556 871 φθονῶν
584 785 714 865 ἐκείνῳ,
746 788 956 869 πειράσομαι
985 782 1145 846 δεικνύειν
1173 787 1236 846 ὅσα
1264 803 1326 864 μοι
1356 780 1451 845 δοκεῖ

197 887 304 974 ψευδῆ
327 889 495 972 εἰρηκέναι
518 887 597 970 περὶ
619 893 685 947 τῶν
702 884 827 949 ἐνθάδε
843 889 1060 972 πραγμάτων,
1085 887 1143 947 ούκ
1157 883 1306 948 ἄλλοθέν
1323 887 1446 963 ποθεν,
1469 900 1480 948 5

195 983 270 1052 ἀλλ’
302 987 338 1066 ἐξ
360 991 461 1075 αὐτῆς
484 997 543 1075 τῆς
567 990 740 1072 ποιήσεως
762 985 919 1070 ἐλέγχων,
950 986 997 1069 τιρ
1021 1009 1057 1050 τε
1080 984 1210 1073 ἀληθεῖ
1226 989 1371 1072 βοηθῶν
1394 991 1448 1050 καὶ

193 1089 341 1173 μάλιστα
366 1089 422 1153 διὰ
445 1094 504 1176 τήν
524 1083 689 1174 Ἀθηνᾶν,
713 1093 808 1165 όπως
835 1093 879 1176 μή
905 1087 987 1174 δοκῇ
1009 1087 1134 1165 ἀδίκως
1158 1088 1367 1175 διαφθεῖραι
1391 1092 1447 1174 τήν

195 1196 296 1279 αύτής
320 1191 420 1255 πόλιν
442 1190 527 1277 μηδὲ
550 1194 685 1254 ἐναντία
707 1189 898 1274 βούλεσθαι
919 1191 966 1274 τῴ
992 1195 1093 1279 αύτής
1116 1194 1237 1276 πατρί,
1265 1192 1324 1270 ούχ
1347 1191 1447 1276 ήττον

146 1294 231 1359 12δὲ
256 1295 312 1358 διά
336 1298 395 1381 τήν
409 1288 518 1378 Ἥραν
532 1297 588 1356 καί
610 1286 894 1380 τήνἉφροδίτην.
942 1293 1051 1357 δεινόν
1073 1296 1135 1379 γάρ
1158 1297 1217 1380 τήν
1239 1296 1300 1373 μὲν
1324 1291 1373 1375 τῴ
1389 1295 1449 1356 Διί

196 1407 360 1460 συνοῦσαν
375 1400 419 1482 μή
437 1399 577 1477 νομίσαι
591 1392 726 1477 <αύτδν>
741 1400 855 1481 κριτήν
874 1398 987 1458 ίκανδν
1010 1404 1071 1457 τού
1092 1398 1193 1481 αὐτῆς
1209 1393 1331 1472 εἴδους,
1357 1397 1389 1458 εἰ
1403 1398 1445 1480 μή
1471 1410 1494 1459 11

194 1502 310 1585 άρέσει
330 1502 387 1561 καὶ
415 1506 481 1560 τῶν
504 1501 539 1560 ἐν
556 1489 624 1582 Ἴδη
648 1495 817 1579 βουκόλων
840 1499 905 1573 ἐνί,
930 1500 989 1584 τήν
1013 1495 1048 1560 δέ
1073 1499 1173 1584 άρχήν
1195 1499 1281 1582 ύπέρ
1304 1494 1448 1572 κάλλους

194 1597 314 1685 ἐρίζειν
342 1609 383 1684 τῇ
403 1592 604 1685 Ἀφροδίτη,
635 1600 869 1684 πρεσβυτάτην
894 1602 1090 1685 φάσκουσαν
1113 1597 1290 1662 εἶναιτῶν
1314 1601 1448 1683 Κρόνου

146 1701 339 1779 Ῑθπαίδων,
364 1705 410 1777 ὡς
433 1703 534 1775 αύτδς
549 1693 695 1785 Ὅμηρος
722 1698 902 1786 ἀπήγγειλε
929 1703 1087 1786 ποιήσας,

353 1806 411 1866 καί
431 1825 473 1884 με
497 1804 730 1887 πρεσβυτάτην
753 1808 864 1865 τέκετο
888 1805 1019 1888 Κρόνος
1041 1800 1280 1888 ἀγκυλομήτης,

278 1908 329 1968 ἐτι
346 1904 380 1968 δὲ
398 1908 485 1967 οὕτω
499 1903 658 1985 χαλεπῶς
671 1902 873 1990 διατεθῆναι
884 1909 971 1990 πρός
983 1909 1040 1967 τόν
1052 1907 1175 1990 Πάριν,
1193 1906 1295 1991 αύτήν
1312 1907 1448 1989 ἐπιτρέ-
1472 1919 1496 1969 15

194 2019 309 2093 φασαν
324 2011 383 2094 τήν
398 2010 524 2093 κρίσιν·
542 2009 655 2069 καίτοι
671 2005 746 2068 ούδέ
762 2016 828 2070 τῶν
845 2009 1040 2092 ἀνθρώπων
1057 2008 1094 2082 δς
1109 2010 1150 2071 άν
1166 2011 1338 2092 ἐπιτρέψῃ
1361 2005 1449 2070 δίαι-

191 2133 262 2189 ταν,
284 2113 409 2194 ἐχθρόν
424 2116 555 2195 ήγεῖται
567 2113 624 2172 τόν
642 2107 825 2194 διαιτητήν,
848 2111 906 2172 ἐάν
922 2113 965 2196 μή
987 2108 1105 2195 δικάση
1122 2105 1206 2174 καθ’
1225 2118 1364 2180 ἑαυτόν·
1390 2121 1449 2203 τήν

192 2213 229 2276 δέ
243 2234 279 2295 γε
289 2205 493 2297 Ἀφροδίτην
506 2214 612 2286 οὕτως
629 2213 769 2296 αἰσχράν
779 2215 834 2274 καὶ
846 2209 962 2274 άδικον
974 2215 1030 2274 καί
1042 2214 1241 2299 άσύμφορον
1255 2214 1375 2278 δοῦναι
1387 2214 1449 2278 δω-

191 2319 280 2399 ρεάν,
302 2317 358 2376 καί
379 2311 505 2398 μηδένα
522 2315 742 2398 ποιήσασθαι
766 2311 946 2398 λόγονμήτε
962 2322 1021 2399 τής
1033 2305 1161 2400 Ἑλένης
1176 2314 1327 2404 άδελφής
1344 2319 1449 2402 οὔσης

190 2420 273 2502 μήτε
297 2423 358 2477 τού
375 2406 594 2497 Ἀλεξάνδρου
619 2422 681 2476 τού
707 2418 951 2498 προκρίναντος
981 2417 1098 2501 αύτήν,
1130 2415 1214 2480 άλλά
1242 2415 1452 2504 χαρίζεσθαι
1473 2429 1499 2478 11

200 2526 354 2581 τοιοῦτον
376 2519 483 2598 γάμον
500 2508 547 2578 δι’
574 2517 610 2578 δν
635 2518 735 2591 αὐτός
756 2539 791 2578 τε
811 2515 945 2597 ἔμελλεν
962 2515 1183 2582 ἀπόλλυσθαι
1204 2523 1260 2584 καί
1283 2523 1317 2582 οἱ
1339 2528 1451 2602 γονεῖς

144 2622 183 2681 14
198 2623 301 2682 αύτού
321 2621 377 2680 καὶ
398 2623 417 2704 ή
442 2617 552 2693 πόλις.
593 2620 645 2680 ἔτι
669 2616 703 2680 δέ
728 2621 785 2680 ούκ
808 2617 903 2696 ἄξιον
927 2619 1023 2698 οἶμαι
1046 2619 1204 2706 παριδεῖν
1227 2621 1303 2686 ούδέ
1327 2627 1367 2686 τὸ
1391 2633 1450 2710 τῆς

187 2716 325 2807 Ἑλένης,
348 2721 366 2803 ή
392 2729 453 2782 τού
472 2723 559 2796 Διός
583 2717 741 2806 λεγομένη
766 2723 917 2805 θυγάτηρ
943 2720 998 2784 διά
1021 2726 1082 2802 μέν
1105 2727 1164 2810 τήν
1188 2721 1304 2787 ἄδικον
1333 2729 1449 2812 φήμην

191 2826 395 2909 περιβόητος
417 2814 476 2884 ἐπ’
504 2825 641 2906 αἰσχύνη
665 2827 787 2904 γέγονε,
813 2819 869 2884 διά
894 2821 929 2885 δὲ
952 2827 1010 2909 τήν
1034 2829 1136 2912 αύτής
1152 2829 1246 2905 ἰσχύν
1268 2829 1355 2902 θεός
1378 2830 1450 2890 ἐνο-

189 2927 300 3010 μίσθη
325 2927 419 3007 παρά
443 2931 515 2999 τοῖς
531 2918 697 3008 Ἕλλησιν.
808 2915 883 2985 ἀλλ’
910 2929 1000 3005 όμως
1015 2929 1101 3012 ὑπὲρ
1124 2925 1329 3014 τηλικούτων
1354 2931 1451 3005 ὄντος
1474 2940 1499 2991 15

192 3035 253 3089 τού
275 3025 374 3106 λόγου
397 3029 485 3100 τινὲς
508 3033 574 3088 τῶν
600 3033 774 3111 σοφιστῶν
798 3027 931 3108 ἀσεβεῖν
953 3050 994 3108 με
1020 3032 1187 3116 φήσουσιν
1200 3023 1330 3116 Ὁμήρῳ
1356 3032 1449 3094 άντι-

191 3127 327 3210 λέγοντα
350 3131 406 3191 καὶ
428 3130 683 3212 ἐπιχειρήσουσι
707 3125 900 3208 διαβάλλειν
927 3135 1014 3215 πρὸς
1035 3134 1076 3194 τά
1102 3130 1246 3218 δύστηνα
1275 3137 1448 3218 μειράκια,

190 3230 235 3292 ὧν
258 3233 335 3310 ἐμοὶ
357 3229 504 3292 ἐλάττων
530 3227 626 3311 λόγος
649 3232 740 3292 ἐστὶν
763 3232 782 3315 ή
809 3232 977 3316 πιθήκων.
1462 3250 1506 3300 (155
1524 3271 1534 3286 ι

142 3337 181 3398 15
280 3339 416 3416 πρῶτον
438 3334 498 3412 μὲν
522 3333 579 3394 ούν
604 3350 691 3418 φασι
706 3326 917 3417 τὸνὍμηρον
933 3337 1000 3397 ύπό
1020 3337 1139 3410 πενίας
1161 3357 1197 3398 τε
1218 3339 1274 3400 καὶ
1296 3339 1449 3423 άπορίας

193 3441 393 3519 προσαιτεῖν
409 3438 443 3496 έν
459 3443 500 3519 τῇ
519 3427 665 3497 Ἑλλάδι·
688 3439 746 3498 τόν
771 3433 806 3497 δέ
824 3444 979 3498 τοιοῦτον
994 3434 1159 3499 ἀδύνατον
1181 3443 1341 3524 ήγούνται
1366 3445 1449 3524 ψεύ-
1471 3452 1497 3500 30

194 3538 327 3599 σασθαι
350 3539 437 3622 πρὸς
451 3539 549 3620 χάριν
565 3544 631 3598 τῶν
648 3535 820 3614 διδόντων,
845 3529 920 3598 οὐδ’
946 3540 986 3599 ἂν
1002 3540 1043 3599 τά
1059 3547 1199 3601 τοιαῦτα
1217 3537 1324 3622 λέγειν
1339 3545 1448 3605 ὁποῖα

191 3636 325 3717 ἔμελλεν
342 3640 483 3713 ἐκείνοις
504 3630 588 3699 καθ’
613 3637 735 3724 ήδονήν
751 3641 912 3701 ἔσεσθαι·
936 3643 1015 3715 τούς
1038 3637 1073 3702 δὲ
1097 3649 1153 3703 νύν
1170 3647 1326 3722 πτωχούς
1349 3643 1449 3708 οὐδέν

191 3757 296 3824 φασιν
319 3743 409 3821 ύγιές
433 3738 548 3821 λέγειν,
574 3737 649 3801 οὐδὲ
672 3744 824 3825 μάρτυρα
849 3739 958 3815 οὐδεὶς
981 3743 1021 3803 άν
1044 3744 1178 3805 ἐκείνων
1202 3742 1321 3806 οὐδένα
1344 3750 1447 3832 ποιή·

190 3859 286 3903 σαιτο
310 3845 395 3926 ὑπὲρ
421 3839 564 3917 ούδενός,
590 3840 665 3903 ούδέ
688 3846 766 3917 τούς
788 3845 949 3918 ἐπαίνους
972 3847 1051 3918 τούς
1074 3837 1157 3928 παρ’
1185 3847 1294 3908 αύτῶν
1318 3846 1446 3910 ἀποδέ-

273 4129 287 4178 2
306 4121 460 4182 παθόντασ
472 4126 534 4179 libri
547 4127 584 4185 (iu
598 4126 668 4180 Vm.
682 4142 790 4193 prauo
801 4127 897 4182 ἰο-τασ
909 4129 1043 4195 mutavit);
1063 4144 1132 4184 corr.
1146 4129 1246 4184 Reiske
1299 4135 1313 4183 7
1333 4125 1445 4189 α’δίκωσ

186 4211 289 4279 δοκήΒ
343 4202 487 4284 9δίρανΒ
542 4205 675 4268 1οαύτὸν
688 4211 822 4280 supplevit
834 4212 933 4266 Reiske
987 4217 1016 4267 11
1032 4207 1130 4283 άρέσει
1142 4214 1216 4279 wil„
1229 4207 1334 4287 άρέσαι
1346 4215 1411 4270 libri

191 4298 221 4346 14
239 4314 269 4350 τε
287 4299 335 4351 καί
353 4292 387 4351 τὸ
406 4301 464 4364 (pro
484 4295 593 4359 τέκετο)
611 4297 688 4351 Um.
706 4313 746 4364 pr.
767 4295 866 4352 τέτοκε
886 4298 908 4350 Β
1011 4290 1122 4370 κράνοσ
1145 4309 1215 4355 παῑσ
1239 4298 1264 4353 V
1285 4303 1342 4366 (ου
1360 4311 1444 4362 corut

186 4377 300 4432 ΙΙ.Δ59
355 4384 385 4432 16
403 4382 596 4438 διαιτανΒῩΤ
615 4381 929 4438 δίαιτάνῦδίαιτανΜ
981 4383 1180 4455 14γέγονενῐ]
1234 4381 1371 4457 αἰσχύνην
1383 4390 1443 4456 (pro

187 4460 276 4531 ἰσχύν)
288 4463 336 4516 UT
350 4458 560 4537 εὐσχημοσύνην
581 4466 681 4520 Jacobs
701 4462 889 4537 σωφροσύνην
903 4465 1011 4534 Emper.
1076 4470 1108 4520 30
1121 4473 1301 4539 προσαιτούν
1313 4470 1337 4525 U
1350 4487 1385 4528 m.
1400 4488 1442 4540 pr.
