3068 5160
621 353 912 410 PROLEGOMENA.
1276 355 1395 410 XXXIX

133 529 225 594 ouius
241 529 274 592 in
289 526 437 594 Parisino
449 529 465 593 Ι
479 528 619 609 vestigia
633 525 824 592 deteximus.
836 562 877 572 -
889 527 1001 609 Margo
1014 524 1224 592 Morellianae
1243 526 1393 593 editionis

133 629 390 695 Meermanniani
418 635 450 695 et
477 628 666 695 ParisiniO
695 629 814 694 multas
843 629 999 694 leetiones
1028 627 1186 711 eontinet;
1223 635 1393 713 praeterea

135 733 233 797 etiam
249 730 396 796 Parisino
411 731 440 796 A
463 751 540 797 usus
563 737 620 815 est,
643 736 680 796 ut
696 731 867 815 Emperius
881 729 982 815 praef.
998 749 1069 813 oap.
1085 729 1136 793 ΙΙΙ
1151 734 1169 806 ξ
1185 735 1203 794 5
1226 729 1393 796 indioavit.

136 833 219 899 Sunt
250 839 420 917 praeterea
446 831 536 899 baud
564 853 685 917 pauoa,
716 851 801 918 quae
828 833 864 897 in
891 832 942 898 his
970 831 1061 897 libris
1089 851 1153 895 non
1176 832 1393 898 inveniuntur.

135 933 202 1000 Sed
224 953 263 999 ea
278 935 385 999 omnia
406 933 527 1000 nullius
542 934 639 1019 pretii
661 939 743 1017 sunt,
767 939 803 999 ut
818 953 859 1001 ex
872 933 1016 1018 Emperii
1031 931 1173 1000 editione
1190 934 1245 1018 qui
1261 953 1392 1001 6661110-

134 1036 258 1101 tissime
286 1056 326 1101 ea
354 1037 514 1120 expressit
539 1036 749 1118 intellegitur.
793 1036 883 1101 Haeo
909 1036 1010 1119 igitur
1038 1035 1215 1100 omittenda
1239 1035 1327 1102 duxi.
1351 1073 1393 1084 -

135 1138 250 1222 Neque
272 1156 314 1203 ex
336 1137 481 1203 Thomas
502 1137 703 1220 Naogeorgii
723 1139 870 1203 versione
891 1138 995 1202 latina
1017 1135 1070 1215 (de
1093 1156 1158 1221 qua
1179 1137 1255 1203 vide
1277 1138 1393 1222 Empe·

136 1239 219 1303 rium
242 1237 344 1323 praef.
360 1259 392 1323 p.
408 1238 537 1318 XXIII)
560 1238 685 1322 aliquid
701 1239 817 1303 auxilii
831 1238 1026 1322 sperandum
1042 1244 1100 1305 est.
1137 1238 1247 1304 Multis
1263 1238 1393 1322 quidem

135 1341 216 1406 10616
238 1340 295 1407 ubi
317 1341 352 1405 in
380 1341 472 1407 libris
500 1347 649 1425 eorrupta
676 1341 828 1422 leguntur
849 1341 964 1406 Dionis
992 1347 1131 1407 mentem
1154 1341 1328 1425 expressit,
1357 1347 1393 1406 nt

136 1441 216 1507 dioit
229 1441 408 1526 1111061116,
432 1441 490 1508 sed
505 1448 629 1507 oonstat
651 1461 724 1507 eum
747 1441 880 1507 meliore
902 1441 984 1508 libro
1006 1463 1071 1508 non
1093 1463 1186 1508 usum
1202 1462 1272 1508 esse
1295 1463 1392 1525 quam

136 1564 196 1609 nos
235 1542 406 1626 habemus,
450 1542 535 1628 quod
570 1543 759 1627 saepissime
793 1545 941 1628 proprias
983 1544 1127 1610 oodioum
1166 1544 1224 1610 UB
1260 1545 1393 1610 vitiosas

135 1645 290 1710 leotiones
312 1645 414 1709 latine
436 1645 542 1710 vertit.

221 1745 369 1812 Ceterum
398 1745 439 1812 de
468 1746 702 1830 antiquioribus
729 1747 925 1813 editionibus
948 1767 1032 1830 quae
1054 1747 1223 1830 Emporius
1246 1746 1339 1812 doote
1361 1755 1394 1813 et

134 1855 284 1914 aeourate
307 1847 485 1932 disputavit
507 1850 623 1914 iterum
643 1849 786 1934 proferre
808 1850 899 1932 nolo;
929 1868 1034 1931 neque
1064 1848 1104 1913 de
1125 1849 1166 1914 iis
1188 1849 1268 1914 viris
1291 1848 1393 1915 doetis

133 1951 191 2034 qui
213 1956 288 2016 ante
311 1950 485 2016 editionem
499 1949 730 2035 ldmperianam
746 1950 948 2017 emendando
963 1950 1063 2014 Dioni
1078 1969 1209 2034 operam
1225 1948 1392 2033 dederunt,

133 2071 219 2136 quae
241 2051 360 2118 addam
375 2051 490 2118 habeo.
529 2052 660 2119 Credidi
676 2059 783 2119 autem
799 2052 839 2118 de
855 2053 983 2117 illorum
999 2052 1190 2118 oonieoturis
1205 2052 1394 2136 plerumque

133 2154 278 2238 Emperii
300 2155 498 2238 testimonio,
529 2175 624 2240 quem
654 2156 777 2238 insigni
806 2154 978 2236 diligentia
1007 2153 1091 2218 hano
1113 2154 1314 2237 provinciam
1337 2154 1393 2219 ad-

134 2257 334 2322 ministrasse
358 2257 436 2322 mihi
459 2257 637 2323 oonstabat.
682 2256 868 2323 Oasauboni
890 2255 1071 2338 diatribam,
1096 2255 1220 2320 Valesii
1243 2255 1394 2321 emenda·

134 2358 255 2441 tiones,
280 2358 385 2424 Geelii
408 2358 613 2444 Olympioum
635 2361 705 2444 ipse
728 2379 855 2443 semper
877 2358 920 2423 ad
943 2378 1072 2423 manum
1094 2357 1204 2422 habui.
1248 2358 1395 2424 Venetae

135 2459 286 2524 editionis
310 2480 347 2525 eo
363 2461 511 2544 exemplo
534 2481 611 2527 usus
633 2482 704 2526 sum
726 2461 812 2544 quod
828 2459 989 2544 quondam
1005 2459 1131 2524 Reiskii
1146 2459 1216 2524 fuit.
1255 2459 1293 2523 Id
1309 2462 1394 2525 enim

133 2562 169 2625 in
189 2561 386 2627 bibliotheoa
401 2562 538 2626 Halensi
559 2583 644 2627 nuno
666 2570 861 2628 asservatur.
911 2562 1018 2627 Habet
1040 2567 1158 2643 autem,
1182 2567 1218 2624 ut
1239 2562 1393 2627 Reiskius

133 2664 169 2727 in
191 2661 392 2746 praefatione
413 2661 546 2743 indioat,
570 2663 656 2729 dooti
679 2664 846 2730 ouiusdam
869 2664 931 2728 viri
954 2663 1155 2727 oonieoturas
1177 2663 1316 2743 margini
1338 2663 1394 2727 ad-

133 2765 272 2848 soriptas
307 2784 440 2847 quorum
475 2785 596 2847 magna
624 2786 699 2850 pars
731 2767 898 2832 meliorum
932 2764 1086 2829 librorum
1114 2764 1254 2829 16611016
1283 2763 1393 2827 oonfir-

135 2872 226 2931 mata
249 2873 307 2932 est.

221 2968 339 3033 Eorum
362 2987 447 3049 vero,
472 2969 527 3052 qui
549 2974 621 3053 post
643 2969 788 3054 Emperii
811 2967 986 3033 editionem
1001 2967 1101 3032 Dioni
1124 2986 1217 3051 opem
1239 2968 1391 3050 tulerunt,

135 3069 335 3135 oonieoturas
357 3070 445 3133 volui
468 3069 598 3152 quidem
621 3072 826 3155 oonquirere,
850 3090 963 3135 vereor
984 3075 1093 3135 tamen
1115 3090 1156 3134 ne
1178 3069 1267 3134 haud
1288 3090 1394 3154 pauea

135 3171 206 3235 61111
236 3170 364 3252 generis
391 3189 441 3234 me
467 3170 619 3252 fugerint.
669 3173 784 3256 Neque
814 3173 899 3238 enim
927 3171 1061 3236 multum
1091 3173 1243 3256 temporis
1266 3174 1394 3256 perqui-

134 3270 245 3336 rendis
267 3270 439 3337 annalibus
461 3272 615 3358 impendi,
639 3274 697 3339 sed
712 3275 849 3339 maiores
864 3280 989 3338 tantum
1010 3293 1095 3356 quae
1109 3274 1248 3338 Dionem
1270 3280 1394 3357 speeta-

133 3372 214 3437 bant
239 3372 479 3440 dissertationes
509 3394 656 3458 quasque
680 3374 770 3439 faoili
793 3395 892 3458 opera
914 3375 1060 3438 invenire
1081 3380 1227 3457 poteram
1250 3375 1393 3442 adhibui.

136 3472 260 3552 Quodsi
283 3475 408 3541 omissis
423 3476 517 3541 bonis
532 3475 713 3558 aliquorum
729 3476 921 3540 oonieoturis
936 3481 968 3538 61
983 3495 1075 3540 meae
1092 3474 1226 3540 editioni
1250 3484 1281 3542 et
1296 3479 1395 3542 Dioni

135 3575 241 3657 10611,
271 3575 441 3658 ignosoant
473 3579 619 3644 leotores.
664 3579 777 3642 Pausa
799 3578 883 3642 enim
907 3594 994 3657 esse,
1024 3595 1108 3658 quae
1131 3596 1203 3640 oum
1225 3579 1340 3643 Dionis
1363 3587 1395 3644 et

135 3678 314 3758 legentium
338 3679 526 3745 detrimento
549 3681 726 3763 omiserim,
753 3697 941 3763 persuasum
971 3676 1089 3758 habeo,
1120 3696 1191 3741 oum
1220 3681 1316 3762 pauoi
1339 3680 1393 3745 ad-

135 3776 266 3843 modum
289 3779 331 3844 ad
353 3781 438 3845 huno
460 3782 647 3865 scriptorem
670 3780 825 3847 aooedere
847 3780 988 3862 soleant,
1013 3778 1146 3861 dignum
1168 3779 1315 3863 inprimis
1339 3785 1394 3866 qui

136 3881 180 3947 ab
202 3882 350 3947 omnibus
372 3883 508 3964 legatur.

223 3982 274 4046 Ex
296 3983 337 4048 iis
360 3989 467 4047 autem
491 4003 570 4066 quos
593 3983 726 4048 adhibui
748 3985 927 4068 prinoipem
955 3985 1060 4049 looum
1088 3985 1234 4050 obtinent
1257 3984 1394 4052 Gobetus
1455 4003 1462 4008 ·

137 4085 185 4159 (10
197 4084 306 4150 Variis
319 4085 526 4150 Leotionibus
539 4091 570 4149 et
582 4087 722 4150 maxime
734 4087 768 4149 in
781 4087 996 4152 Colleotaneis
1009 4087 1147 4169 Oritiois,
1160 4106 1244 4170 quae
1256 4088 1394 4170 plurima

137 4186 303 4252 eontinent
325 4187 475 4264 Dionea.)
499 4187 706 4270 Herwerden,
731 4188 877 4254 Hertlein
900 4189 946 4267 (in
962 4188 1241 4254 dissertationibus
1257 4189 1394 4257 Hermae

137 4288 278 4367 insertis)
302 4288 430 4369 (lusda,
461 4289 552 4354 ouius
577 4310 617 4355 ea
644 4296 768 4354 tantum
798 4290 1023 4357 dissertatione
1045 4291 1093 4354 uti
1115 4291 1221 4373 potui,
1246 4311 1330 4375 quae
1352 4294 1395 4359 ad

137 4389 268 4455 ultimas
291 4391 407 4455 Dionis
429 4391 590 4456 orationes
612 4393 760 4475 pertinet.

224 4492 337 4557 Restat
361 4498 396 4555 ut
408 4493 532 4573 gratias
545 4512 641 4574 agam
652 4494 731 4558 viris
744 4492 846 4558 doetis
858 4493 914 4576 qui
927 4512 999 4556 oum
1010 4493 1045 4557 in
1057 4491 1204 4558 oodioum
1215 4502 1394 4577 perseruta-
