3068 5160
191 303 250 360 162
559 300 680 357 DIONIS
697 300 748 354 DE
766 299 833 353 DEI
851 298 1076 354 COGNITIONE

188 483 247 564 τῆν
271 479 493 563 ἀνθρωπίνην
517 479 596 561 περὶ
624 484 685 537 τοῦ
707 473 884 556 δαιμονίου
913 472 1013 551 δόξαν
1037 476 1192 558 ἀμηγέπη
1217 470 1368 534 πλάττον
1390 473 1447 534 καί

188 585 390 657 ἀνατυποῦν,
415 582 473 641 άτε
496 581 531 641 ἐν
556 574 750 663 φιλοσόφου
774 573 931 660 διατριβῇ
954 577 995 637 τά
1018 584 1084 638 νῦν.

137 685 176 746 27
224 730 227 740 .
271 684 351 767 περὶ
374 679 411 767 δῆ
436 682 529 742 θεῶν
552 688 611 764 τῆς
633 700 669 740 τε
691 675 842 741 καθόλου
867 681 1003 764 φύσεως
1028 681 1084 740 καί
1106 674 1255 758 μάλιστα
1278 683 1340 737 τοῦ
1362 678 1447 738 πάν·

188 807 254 847 των
277 787 438 869 ῆγεμόνος
461 790 597 866 πρῶτον
620 783 680 860 μέν
702 782 758 842 καί
780 784 815 842 ἐν
839 783 990 864 πρώτοις
1014 777 1095 856 δόξα
1118 781 1174 841 καί
1189 781 1327 841 ἐπίνοια
1350 781 1446 864 κοινῆ

188 895 249 948 τοῦ
266 884 458 965 ξύμπαντος
474 885 696 968 ἀνθριυπίνου
714 887 839 963 γένους,
863 884 989 962 ὁμοίως
1005 885 1065 962 μὲν
1082 873 1252 965 Ἑλλήνων,
1270 881 1400 960 ὁμοίως
1413 877 1449 942 δὲ
1471 893 1485 942 5

187 989 376 1072 βαρβάρων,
393 988 556 1068 ἀναγκαία
573 987 629 1047 καί
645 986 794 1069 ἔμφυτος
806 986 841 1045 ἐν
855 986 958 1046 παντί
969 983 1015 1065 τῴ
1031 981 1151 1066 λογικῷ
1168 987 1343 1067 γιγνομένη
1360 983 1448 1044 κατά

190 1093 292 1175 φύσιν
309 1093 386 1150 ἀνευ
403 1089 533 1171 θνητοῦ
549 1083 752 1147 διδασκάλου
767 1088 823 1148 καί
841 1094 1064 1168 μυσταγωγοῦ
1081 1087 1185 1169 χωρίς
1204 1086 1339 1169 ἀπάτης
1357 1105 1374 1140 e
1391 1086 1449 1146 καί

186 1199 290 1275 χαράς
308 1212 324 1248 κ
343 1188 399 1252 διά
416 1211 451 1250 τε
469 1192 528 1274 τῆν
545 1185 733 1269 ξυγγένειαν
748 1191 807 1273 τῆν
824 1191 911 1272 πρός
927 1190 1048 1264 αύτούς
1070 1190 1126 1251 καί
1148 1184 1259 1249 πολλά
1275 1189 1447 1271 μαρτύρια

187 1291 369 1377 τάληθοῦς,
387 1293 444 1353 ούκ
455 1294 561 1352 ἐῶντα
578 1287 826 1366 κατανυστάξαι
841 1292 897 1352 καί
913 1288 1080 1376 ἀμελῆσαι
1095 1292 1174 1364 τούς
1189 1291 1448 1373 πρεσβυτάτους

138 1397 243 1462 28καί
266 1392 534 1467 παλαιοτάτους·
566 1395 624 1454 άτε
646 1393 707 1476 γάρ
733 1392 770 1452 ού
791 1394 922 1476 μακράν
946 1382 1012 1454 ούδ
1039 1390 1102 1469 ἐξω
1126 1400 1188 1454 τοῦ
1208 1393 1308 1454 θείου
1333 1389 1448 1474 διῳκι-
1473 1401 1501 1452 10

192 1502 309 1576 σμέυοι
325 1487 408 1556 καθ’
428 1497 558 1570 αύτούς,
577 1490 661 1554 ἀλλά
678 1496 712 1556 ἐν
730 1493 820 1575 αύτῷ
834 1499 926 1576 μέσῳ
944 1498 1143 1580 πεφυκότες,
1164 1490 1345 1574 μᾶλλονδὲ
1364 1511 1446 1574 συμ-

189 1601 378 1684 πεφυκότες
401 1598 514 1678 ἐκείνῳ
539 1597 596 1658 καί
618 1600 864 1680 προσεχόμενοι
889 1599 999 1658 πάντα
1023 1599 1169 1679 τρόπον,
1203 1597 1261 1656 ούκ
1283 1593 1446 1658 ἐδύναντο

189 1705 287 1784 μέχρι
311 1697 469 1773 πλείονος
492 1695 646 1774 ἀξύνετοι
667 1703 790 1778 μένειν,
814 1692 936 1781 [άλλως
957 1719 993 1760 τε
1015 1701 1148 1760 σύνεσιν
1162 1699 1218 1760 καί
1234 1694 1332 1779 λόγον
1355 1695 1446 1782 είλη-

187 1806 291 1887 φότες
322 1803 402 1885 περὶ
431 1801 548 1876 αὐτοῦ,
578 1802 636 1861 ἀτε
660 1795 712 1885 δη]
736 1798 1032 1885 περιλαμπόμενοι
1055 1800 1229 1862 πάντοθεν
1252 1799 1367 1874 θείοις
1387 1802 1446 1862 καί

184 1901 345 1986 μεγάλοις
369 1906 545 1988 φάσμασιν
570 1903 713 1986 ούρανοῦ
734 1904 848 1964 τεκαὶ
877 1904 1026 1986 άστρων,
1056 1904 1107 1964 ἐτι
1130 1899 1166 1963 δέ
1192 1899 1288 1986 ῆλίου
1310 1903 1368 1963 καὶ
1392 1919 1445 1964 σε·
1470 1911 1497 1961 15

187 2005 295 2092 λῆνης,
319 2009 434 2080 νυκτός
457 2026 493 2066 τε
507 2006 564 2066 καί
578 2008 704 2089 ῆμέρας
727 2007 979 2086 ἐντυγχάνοντες
1001 2001 1173 2078 ποικίλοις
1193 2004 1250 2065 καί
1265 2003 1444 2083 ἀνομοίοις

186 2106 321 2184 εἴδεσιν,
346 2110 446 2189 όιμεις
468 2127 504 2168 τε
527 2104 717 2190 ἀμηχάνους
739 2109 882 2190 δρῶντες
903 2107 959 2167 καί
983 2107 1099 2190 φωνάς
1115 2107 1292 2180 ἀκούοντες
1315 2124 1442 2167 παντο-

187 2209 300 2285 δαπάς
316 2212 447 2288 ἀνέμων
463 2230 499 2270 τε
521 2209 577 2270 καί
598 2206 679 2292 ύλης
693 2210 750 2270 καί
765 2215 928 2287 ποταμῶν
944 2209 999 2268 καί
1015 2205 1200 2292 θαλάττης,
1224 2208 1275 2269 ἐτι
1295 2204 1331 2269 δὲ
1347 2203 1442 2290 ζῴων

185 2317 317 2397 ῆμέρων
346 2314 402 2373 καί
431 2313 573 2395 ἀγρίων,
606 2311 703 2370 αύτοί
732 2331 767 2371 τε
801 2311 955 2394 φθόγγον
983 2307 1122 2394 ἥδιστον
1144 2311 1200 2372 καὶ
1224 2313 1441 2395 σαφέστατον

187 2416 290 2488 ἱέντες
312 2415 368 2475 καί
394 2415 592 2494 ἀγαπῶντες
615 2420 674 2496 τῆς
698 2413 920 2496 ἀνθρωπίνης
944 2420 1059 2497 φωνῆς
1082 2414 1119 2473 τό
1143 2419 1265 2495 γαῦρον
1285 2413 1343 2474 καί
1365 2415 1441 2474 ἐπι·
1464 2420 1492 2472 111

187 2523 322 2600 στῆμον,
346 2516 550 2594 ἐπιθέμενοι
568 2510 718 2593 σύμβολα
741 2519 814 2588 τοῖς
837 2516 886 2587 είς
910 2512 1076 2599 αἴσθησιν
1099 2514 1369 2598 ἀφικνουμένοις,
1393 2517 1440 2590 ῶς

143 2622 255 2684 29πᾶν
271 2619 309 2678 τό
326 2618 451 2700 νοηθὲν
468 2610 644 2695 ὀνομάζειν
659 2617 715 2677 καί
731 2613 861 2699 δηλοῦν,
885 2616 1038 2700 εὐμαρῶς
1056 2616 1207 2699 ἀπείρων
1231 2614 1439 2700 πραγμάτων

184 2712 263 2800 [καὶ]
296 2721 428 2804 μνῆμας
456 2721 512 2780 καὶ
541 2719 699 2791 ἐπινοίας
730 2714 1062 2800 παραλαμβάνοντες.
1108 2724 1183 2792 πῶς
1212 2717 1269 2779 σύν
1292 2720 1440 2800 ἀγνῶτες

183 2820 271 2883 εἶναι
300 2818 437 2900 ἔμελλον
466 2821 521 2881 καί
551 2817 718 2903 μηδεμίαν
747 2816 832 2895 έξειν
863 2821 1119 2882 ύπόνοιαν·τοῦ
1152 2821 1355 2905 σπείραντος
1382 2822 1440 2884 καὶ

185 2925 413 3007 φυτεύσαντος
434 2924 489 2982 καί
514 2916 680 3002 σῴζοντος
701 2923 757 2982 καί
779 2925 974 3007 τρέφοντος,
999 2921 1216 3000 πανταχόθεν
1238 2919 1438 3003 ἐμπιμπλά-
1462 2933 1492 2984 15

182 3043 280 3103 μενοι
307 3032 366 3108 τῆς
397 3024 496 3097 θείας
527 3025 661 3106 φύσειος
692 3020 748 3084 διά
776 3043 811 3084 τε
843 3025 957 3104 όιβεως
985 3025 1041 3085 καί
1072 3025 1175 3109 ἀκοῆς
1198 3026 1380 3109 συμπάσης
1402 3047 1439 3088 τε

184 3127 329 3203 ἀτεχνῶς
345 3124 560 3209 αίσθῆσεως,·
582 3127 760 3203 νεμόμενοι
775 3127 835 3203 μέν
851 3126 910 3186 ἐπί
924 3133 992 3210 γῆς,
1018 3126 1160 3208 δρῶντες
1184 3116 1211 3186 δ’
1235 3121 1273 3202 ἐξ
1295 3127 1441 3210 ούρανοῦ

271 3397 280 3445 1
301 3387 435 3448 πλάττων
453 3391 482 3444 Μ
564 3395 579 3444 2
598 3385 633 3447 τά
653 3395 703 3447 νῦν
720 3406 772 3445 om.
791 3392 838 3444 ΡΥ
924 3381 975 3448 δίτε
993 3391 1071 3447 ἐν-
1083 3387 1187 3448 τὰνῦν
1206 3397 1381 3462 corruperat
1399 3395 1438 3449 la-

183 3492 286 3532 cunosa
346 3477 433 3544 4μὲν
449 3474 481 3532 ἐν
498 3473 616 3548 πρώτησ
634 3476 807 3541 (οω.καί)Μ
868 3480 949 3532 ῦκαί
967 3477 1057 3531 om.P
1119 3481 1169 3534 καὶ
1185 3493 1236 3547 pro
1248 3472 1322 3536 κατά
1335 3479 1386 3534 UB

184 3570 196 3616 ἰ
217 3556 331 3634 ἀπάτησ
348 3564 397 3618 καί
412 3565 511 3632 χαράσ
523 3556 582 3628 (-ἀσ
595 3561 634 3628 Μ)
646 3562 726 3617 UBM
744 3555 858 3633 ἀπάτησ
873 3570 965 3634 χωρεῖ
975 3561 1022 3615 ΡΥ
1039 3563 1067 3616 in
1079 3566 1128 3619 καί
1137 3569 1235 3636 χαράσ
1247 3565 1314 3620 latet
1325 3566 1438 3620 verbum

182 3648 266 3704 totiue
279 3647 419 3711 enuntiati,
431 3663 454 3701 e.
466 3663 506 3715 gr.
518 3657 633 3716 κατεῖχε
685 3653 699 3700 9
712 3645 925 3703 κατανυστάσαι
938 3647 986 3703 UB
1043 3653 1069 3702 11
1085 3642 1157 3705 καθ’
1176 3643 1283 3707 «teoto
1294 3666 1347 3706 om.
1360 3651 1387 3707 U

182 3732 340 3802 μᾶλλονδὲ
359 3727 579 3802 συμπεφυκότεσ
596 3733 634 3796 Μ,
654 3749 704 3786 om.
724 3732 806 3786 ceteri
893 3736 924 3785 12
943 3730 1144 3806 περιεχόμενοι
1162 3735 1263 3790 Reieke
1281 3734 1351 3789 male

184 3823 214 3872 13
234 3814 327 3883 άλλως
344 3836 376 3872 τε
395 3848 424 3854 -
439 3807 490 3872 ἀτε
509 3815 539 3887 δὴ
558 3818 670 3884 seciuei3
692 3832 753 3870 nam
772 3815 883 3870 offendit
901 3812 1013 3874 σύνεσιν
1030 3822 1094 3887 poet
1110 3813 1248 3886 ἀξύνετοι,
1266 3815 1357 3892 λόγον
1375 3835 1436 3875 een·

183 3904 283 3957 tentiae
302 3918 355 3956 non
374 3906 479 3969 aptum,
506 3902 676 3970 participium
695 3901 762 3970 perf.
782 3901 810 3954 in
833 3901 873 3954 rei
891 3917 945 3955 non
963 3902 1106 3957 absolutae
1129 3904 1176 3958 sed
1199 3904 1278 3959 modo
1296 3906 1436 3961 nascentis

183 3988 371 4056 descriptione,
390 3975 441 4042 ἀτε
454 3982 485 4056 δὴ
498 3992 561 4054 poet
573 3978 624 4042 άτε
636 4003 660 4040 v.
677 3992 715 4053 iti,
733 3987 848 4039 maxime
859 4001 922 4039 vero
936 3982 1029 4052 άλλως
1048 4008 1087 4054 τε,
1107 3990 1151 4041 cui
1168 3989 1235 4042 nihil
1248 3989 1397 4058 respondet

182 4066 337 4130 σύνεσιν-
352 4061 403 4128 ἀτε
421 4065 452 4138 δὴ
473 4087 525 4125 om.
544 4071 617 4126 UPY
707 4076 737 4124 14
754 4063 828 4143 παρ’
847 4064 936 4128 αύτοῦ
952 4071 1026 4126 UPY
1095 4069 1276 4143 λαμπόμενοι
1293 4073 1369 4130 UPY

184 4215 213 4262 15
232 4228 263 4264 τε
283 4223 334 4263 om.
355 4207 401 4260 PY
490 4211 519 4260 tt
540 4201 691 4280 φωράσΜ
761 4210 793 4259 20
812 4179 924 4263 <iffi
941 4207 1087 4278 φωνοῖσΡ
1169 4212 1200 4263 22
1215 4203 1371 4280 ὀνομάζειν
1387 4217 1438 4270 καί

181 4291 274 4375 δηλωσ
298 4293 348 4348 UB
373 4285 527 4361 ὀνομάζειν
550 4296 598 4348 καί
622 4294 744 4363 δηλῶσαι
766 4292 795 4345 Μ
885 4294 916 4344 23
940 4296 988 4348 καί
1012 4298 1076 4347 ante
1104 4289 1220 4364 μνήμασ
1241 4312 1294 4350 om.
1318 4297 1349 4351 M

182 4377 233 4431 οιῖν
251 4368 403 4446 ἀγνοήσειν
422 4373 541 4446 ἔμελλον
558 4377 588 4431 Μ
642 4381 674 4430 25
693 4372 923 4447 φιτεύοαντοσΡ
987 4376 1195 4447 ἐμπιπλάμενοι
1213 4380 1259 4436 ΡΥ
1319 4386 1352 4438 26
1371 4392 1438 4441 τοῖο

180 4475 229 4528 pro
248 4460 339 4530 τῆσΡ
409 4458 559 4534 ξυμπάσησ
576 4463 657 4518 BMU
