3068 5160
600 317 736 374 ORATIO
754 318 815 374 Vll.
1255 271 1314 379 207

65 494 271 569 ἀκολάστους
295 493 330 557 δέ
353 498 410 559 καί
425 497 640 580 τυραννικούς
664 485 735 557 οὔτ’
761 497 801 558 ἀν
825 495 921 573 οἶμαι
937 492 1092 558 δύναιντο
1108 498 1317 580 θεραπεύειν

67 603 187 672 ἱκανῶς
218 595 332 674 ξένους
362 590 434 659 οὔτ’
466 599 506 659 ἀν
538 597 621 673 ἴσως
644 595 869 682 προσδέοιντο
892 602 1051 684 τοιαύτης
1074 596 1193 676 ξενίας.
1240 597 1316 661 οὐδὲ
1328 600 1369 663 94

66 702 127 786 γάρ
157 699 205 782 τῷ
234 697 392 782 Μενέλεῳ
428 698 603 786 δήπουθεν
633 702 744 786 ἀπέβη
775 704 862 785 πρδς
889 703 928 762 τδ
959 699 1061 783 λῷον,
1091 704 1143 764 ότι
1172 700 1317 786 ἠδύνατο

68 800 237 879 δέξασθαι
259 804 317 863 τδυ
340 799 598 865 πλουσιώτατον
621 806 657 864 έκ
678 811 738 888 τῆς
750 795 873 877 Ἀσίας
896 800 999 880 ξένον,
1023 801 1125 878 ἀλλος
1149 801 1184 865 δέ
1209 801 1319 878 οὐδεὶς

16 917 43 966 ·5
67 908 178 980 ἱκανός
200 901 240 990 ἦν
262 907 296 966 έν
319 913 358 989 τη
374 906 515 988 Σπάρτῃ
538 906 596 966 τὸν
611 905 770 988 Πριάμου
793 913 855 966 τοῦ
874 901 1042 986 βασιλέως
1057 907 1130 967 υίδν
1153 903 1318 982 ὐποδέξα-

70 1010 164 1070 σθαι.
204 1010 378 1090 τοιγάρτοι
396 1009 574 1092 ἐρημώσας
591 1007 695 1068 αὐτοῦ
708 1003 767 1091 τὴν
784 1009 893 1069 σίκίαν
907 1009 964 1069 καί
979 1010 1067 1090 πρδς
1082 1013 1155 1082 τοῖς
1167 1010 1317 1093 χρήμασι
1328 1012 1370 1073 95

68 1106 126 1195 την
149 1114 287 1192 γυναῖκα
318 1107 540 1192 προσλαβών,
570 1105 629 1193 τὴν
659 1106 694 1170 δέ
724 1109 894 1193 θυγατέρα
925 1104 1075 1194 ὀρφανὴν
1104 1117 1164 1195 τῆς
1193 1112 1320 1193 μητρός

68 1216 181 1288 ε’άσας,
206 1204 309 1294 ᾤχετο
333 1209 528 1273 ἀποπλέων.
573 1213 629 1273 καί
651 1212 735 1290 μετά
758 1219 862 1272 ταῦτα
886 1206 1097 1285 ύΜενέλαος
1116 1215 1237 1295 χρόνον
1259 1214 1320 1290 μέν

69 1311 176 1375 πολύν
199 1314 382 1398 ἐφθείρετο
408 1315 599 1391 πανταχόσε
622 1322 681 1398 τῆς
700 1303 872 1390 Ἑλλάδος,
903 1309 1106 1396 ὀδυρόμενος
1128 1315 1189 1388 τάς
1219 1317 1322 1376 αὑτοῦ

20 1427 48 1478 10
72 1413 259 1500 συμφοράς,
284 1413 441 1494 δεόμενος
464 1412 605 1475 ἑκάστου
621 1421 688 1476 τῶν
710 1413 880 1496 βασιλέων
902 1418 1083 1495 ἐπαμῦναι.
1121 1414 1318 1500 ἠναγκάσθη

70 1515 105 1579 δὲ
130 1520 297 1579 ἱκετεῦσαι
318 1519 374 1578 καί
395 1519 453 1578 τὸν
477 1513 635 1601 ἀδελφόν,
659 1519 753 1590 ὅπως
776 1514 885 1598 ἐπιδῴ
909 1513 968 1600 τὴν
990 1516 1166 1601 θυγατέρα
1191 1535 1320 1603 σφαγη-

70 1618 214 1704 σομένην
243 1622 278 1680 έν
307 1616 445 1681 Αύλίδι.
499 1615 580 1680 δέκα
612 1615 647 1679 δὲ
677 1619 733 1703 ἔτη
763 1619 918 1704 καθῆστο
948 1617 1106 1699 πολεμῶν
1136 1623 1171 1682 έν
1203 1620 1373 1704 Τροίγ,96

67 1719 172 1783 πάλιν
194 1725 267 1783 ἐκεῖ
282 1718 471 1783 κολακεύων
493 1723 572 1794 τούς
594 1723 759 1805 ηγεμόνας
781 1727 843 1781 τοῦ
864 1729 1011 1804 στρατοῦ
1030 1725 1086 1784 καί
1110 1725 1210 1798 αύτδς
1232 1725 1322 1785 καίδ

67 1821 231 1909 ἀδελφός·
262 1827 292 1884 εί
323 1821 358 1884 δέ
387 1826 449 1908 μή,
481 1818 660 1907 ὠργίζοντο
683 1823 740 1883 καί
768 1820 929 1906 ἠπείλουν
961 1821 1120 1887 ἑκάστοτε
1147 1822 1320 1886 ἀποπλεύ-

17 1937 44 1986 15
69 1927 210 1988 σεσθαι·
239 1927 296 1986 καί
324 1921 472 1998 πολλούς
496 1928 622 1997 πόνους
643 1926 699 1986 καί
720 1921 893 1998 κινδύνους
916 1928 1106 2011 ἀμηχάνους
1128 1924 1320 2005 ὑπομένων,

67 2030 206 2112 ύστερσν
236 2025 272 2088 δέ
301 2023 402 2110 ηλάτο
424 2028 481 2086 καί
510 2027 568 2104 ούχ
598 2025 671 2099 οἷός
693 2019 726 2086 τ’
751 2021 791 2109 ἦν
821 2023 896 2105 δίχα
925 2029 1054 2111 μυρίων
1076 2035 1184 2090 κακῶν
1208 2021 1318 2089 οἴκαδ’

69 2127 273 2214 ἀφικέσθαι.
320 2121 375 2211 ἀρ’
403 2127 460 2188 οὖν
485 2128 522 2187 ού
547 2125 681 2211 σφόδρα
704 2125 800 2204 ἀξιον
824 2130 980 2210 ἀγασθαι
995 2138 1056 2190 τοῦ
1071 2127 1219 2191 πλούτου
1234 2130 1319 2191 κατά
1331 2131 1371 2194 97

69 2234 126 2292 τόν
150 2226 295 2314 ποιητὴν
317 2231 373 2291 καί
394 2227 441 2310 τῴ
465 2230 537 2291 όντι
553 2224 706 2313 ζηλωτόν
734 2227 936 2310 ὑπολαβεῖν,
966 2233 984 2293 ό
1008 2248 1112 2316 φησιν
1136 2225 1242 2296 αὐτοῦ
1260 2231 1320 2312 μέ-

69 2350 184 2413 γιστον
207 2331 295 2394 είναι
318 2333 460 2413 ἀγαθόν,
482 2333 521 2392 τύ
546 2328 663 2392 δοῦναι
686 2328 807 2409 ξένοις,
829 2335 886 2394 καί
900 2335 958 2394 έάν
975 2332 1062 2397 ποτέ
1078 2356 1167 2410 τινες
1189 2333 1321 2398 ἔλθωσι

18 2446 46 2494 20
68 2441 262 2520 τρυφῶντες
296 2435 355 2495 έπί
391 2429 450 2517 τὴν
487 2433 612 2508 οἰκίαν,
645 2429 691 2517 μὴ
727 2430 893 2496 ἀδύνατον
929 2434 1096 2517 γενέσθαι
1134 2443 1321 2522 παρασχεῖν

69 2534 251 2599 κατάλυσιν
273 2538 328 2598 καί
351 2536 538 2619 προθεῖναι
562 2531 673 2610 ξένια,
704 2534 756 2609 οίς
779 2536 819 2597 ἀν
842 2537 964 2598 ἐκεῖνοι
989 2536 1138 2618 μάλιστα
1168 2537 1321 2624 ἦδοιντο;

71 2636 207 2720 λέγομεν
243 2635 278 2700 δὲ
311 2645 415 2699 ταῦτα
450 2641 657 2721 μεμνημένοι
690 2644 757 2698 τῶν
794 2646 963 2722 ποιητῶν,
999 2642 1056 2701 οὐκ
1091 2638 1202 2715 ἀλλως
1231 2643 1320 2703 ἀντι·
1331 2640 1372 2703 98

70 2737 316 2824 παρεξάγοντες
339 2741 480 2813 ἐκείνοις
504 2735 579 2799 ούδὲ
603 2746 662 2822 τῆς
686 2735 786 2823 δόξης
808 2735 1082 2824 ζηλοτυποῦντες,
1106 2743 1146 2826 ἣν
1168 2744 1238 2804 ἀπό
1254 2751 1321 2805 τῶν

71 2846 271 2927 ποιημάτων
300 2844 482 2925 ἐκτήσαντο
512 2841 571 2901 έπί
602 2841 726 2924 σοφίᾳ·
757 2842 794 2900 ού
824 2844 952 2904 τούτων
981 2847 1090 2920 ένεκα,
1123 2841 1321 2930 φιλοτιμού-

69 3065 165 3124 μενοι
188 3049 247 3131 την
270 3053 336 3106 τῶν
359 3041 496 3105 πολλῶν
520 3040 689 3120 διάνοιαν,
720 3040 754 3126 [ά
777 3042 815 3130 δη
844 3049 900 3108 καί
929 3053 1002 3123 τοῖς
1031 3047 1174 3123 πολλοῖς
1201 3045 1321 3132 ἐδόκει]

71 3149 151 3230 περί
172 3167 208 3208 τε
232 3144 380 3210 πλούτου
402 3147 459 3207 καί
481 3152 547 3206 τῶν
571 3142 698 3221 ἄλλων,
729 3149 750 3207 ά
772 3144 1002 3227 θαυμάζουσι,
1030 3151 1087 3212 καί
1108 3151 1143 3211 τί
1163 3154 1322 3231 μέγιστον

71 3248 202 3310 οἴονταί
232 3264 333 3332 σφισι
360 3247 523 3328 γενέσθαι
557 3248 597 3308 ἀν
628 3239 693 3331 ἀφ’
725 3251 866 3309 ἑκάστου
895 3256 962 3310 τῶν
990 3253 1163 3313 τοιούτων.
1222 3251 1373 3340 δῆλον99

69 3352 131 3434 γάρ
155 3354 208 3412 ότι
229 3352 273 3435 μη
300 3357 561 3434 συμφωνοῦντος
584 3349 699 3423 αύτοῖς
721 3357 783 3410 τοῦ
804 3352 997 3434 ποιήματος
1024 3350 1109 3437 μηδὲ
1139 3356 1198 3439 την
1221 3355 1322 3438 αὐτὴν

17 3465 46 3514 30
67 3455 200 3536 γνώμην
230 3453 364 3530 ἔχοντος
394 3453 451 3512 ούκ
481 3453 521 3512 ἀν
551 3453 637 3512 οὕτω
669 3448 802 3535 σφόδρα
832 3449 972 3535 έφίλουν
1002 3451 1078 3515 σύδέ
1107 3453 1254 3538 ἐπῄνουν
1277 3456 1323 3527 ὡς

71 3558 200 3640 σοφούς
222 3575 258 3616 τε
280 3556 336 3616 καί
358 3554 511 3636 ἀγαθούς
535 3547 719 3636 [γενέσθαι]
742 3555 799 3615 καί
813 3550 946 3639 τάληθῆ
964 3551 1129 3636 λέγοντας.
1168 3558 1244 3617 ἐπεί
1267 3555 1324 3617 ούν
1343 3558 1403 3617 100

70 3659 127 3718 υύκ
150 3659 242 3719 ἔστιν
265 3660 404 3718 ἕκαστον
423 3652 709 3736 ἀπολαμβάνοντα
725 3651 870 3736 έλέγχειν
884 3662 946 3716 τοῦ
960 3654 1126 3740 πλήθους,
1151 3648 1225 3717 οὐδ’
1251 3657 1323 3718 ἀνε-

158 3832 168 3876 1
195 3820 307 3880 δύναιτο
335 3823 360 3878 U
384 3838 419 3876 m.
446 3837 502 3891 pr,
525 3821 579 3875 BM
603 3821 641 3885 (in
664 3822 688 3874 Η
713 3837 820 3892 quoque
842 3842 859 3876 v
882 3837 899 3877 a
922 3824 1084 3888 correctore)
1195 3825 1210 3874 3
1234 3825 1324 3878 Μενε-

70 3905 130 3983 λάῳ
141 3908 189 3962 ΡΗ
263 3904 351 3965 λώϊον
369 3907 448 3960 ΡΗΜ
499 3903 618 3964 ἐδύνατο
636 3907 686 3963 UB
738 3903 917 3965 9έλάόοσΡ
971 3913 998 3961 11
1020 3901 1272 3978 σφαγισομένηνΡ

73 3999 102 4046 12
120 3986 231 4065 κάθητο
250 3993 299 4046 ΡΗ
316 3995 428 4063 καθῆτο
446 3991 477 4046 Μ
577 3995 606 4045 13
625 3991 718 4064 πάλην
736 3993 758 4045 Ρ
839 3997 869 4048 16
888 3987 931 4050 διδ
950 3994 1062 4064 μυρίων
1078 3991 1150 4057 libri,
1170 4007 1240 4047 corr.
1259 3992 1324 4046 Em·

70 4079 160 4145 petius
214 4070 538 4148 11ἀρόύΙίΒΜοια.
560 4068 611 4133 οὖν
662 4073 790 4134 πλούτου
811 4082 859 4134 καί
877 4074 932 4134 τὸν
949 4073 1070 4150 ποιητὴν
1092 4076 1154 4132 libri
1171 4077 1221 4142 (Ηι
1240 4076 1324 4134 πλού·

154 4159 160 4178 1
291 4158 298 4178 1

71 4183 187 4286 τουτκλδ
203 4182 336 4306 έδιηόότλ)
355 4245 424 4284 corr.
443 4229 587 4298 Emperius
668 4235 698 4285 18
718 4219 736 4286 δ’
753 4245 787 4284 ex
805 4229 876 4284 coni.
896 4230 1000 4299 scripsi,
1017 4230 1080 4285 libri
1100 4221 1132 4296 δς
1204 4234 1235 4286 19
1253 4224 1324 4286 εἶναι

69 4329 121 4366 om.
139 4314 188 4369 UB
249 4319 280 4369 23
299 4314 574 4387 ζηλωτυπυῦντεσΡ
636 4319 669 4368 24
686 4313 838 4372 ἐκτίσαντο
856 4314 912 4369 ΒΜ
973 4317 1005 4367 26
1024 4307 1043 4370 δ
1061 4309 1092 4385 δὴ
1110 4346 1144 4354 -
1159 4310 1251 4372 ἐδόκει
1270 4315 1324 4370 δελ.

70 4397 155 4495 Ειυρη
220 4403 250 4451 21
269 4402 365 4456 καίτοι
383 4400 408 4454 U
426 4404 501 4467 (mig.
520 4394 545 4455 κ’
570 4401 608 4464 τί)
694 4403 727 4454 28
744 4392 794 4470 ἐφ’
813 4396 937 4456 ἑκάστου
954 4398 1024 4464 libri,
1043 4415 1112 4454 corr.
1133 4400 1238 4456 Selden.

70 4486 102 4534 30
122 4501 216 4537 ουτωσ
235 4483 282 4536 PH
352 4489 381 4538 31
402 4480 539 4556 γενέσθαι
557 4483 608 4538 del.
627 4483 728 4539 Reislre
