3068 5160
176 334 235 394 128
645 330 769 387 DIONIS
787 327 954 385 TROIANA

175 507 351 573 Μενέλαον
375 505 513 590 ἰδιώτην
536 507 601 590 ἔφη
626 503 730 567 εἶναι·
753 510 826 579 τοῖς
848 505 910 587 γάρ
922 496 1169 586 Ἀγαμέμνονος
1192 500 1328 576 παισίν,
1352 493 1422 560 ἀλλ’

175 614 232 674 ούκ
263 613 376 693 ἐκείνῳ
407 611 466 694 τήν
489 607 591 693 ἀρχήν
615 609 813 692 προσήκειν·
842 608 899 668 καί
921 608 967 681 ὡς
989 601 1160 691 θεοφιλής
1183 601 1235 688 εἴη
1259 604 1319 664 καί
1342 603 1423 687 ώςή

171 708 355 800 Ἀφροδίτη
380 709 469 792 αὐτῷ
494 711 678 788 ὑπόσχοιτο
701 712 759 772 τάν
782 711 922 795 άριστυν
944 710 1051 789 γάμον
1073 713 1140 769 τῶν
1156 708 1191 768 έν
1206 706 1423 788 ἀνθρώποις·

45 875 47 879 ,
176 816 275 889 αύτύς
304 813 361 875 ούν
389 817 568 896 προκρῖναι
591 820 650 898 τήν
673 813 799 873 ἐκείνου
822 811 1012 893 θυγατέρα,
1041 806 1115 886 ἰξὸν
1139 805 1230 889 αύτῷ
1255 804 1372 888 λαβεῖν
1394 809 1425 868 έκ

175 925 234 1002 τῆς
253 908 371 989 Ἀσίας
393 917 486 991 τινά,
517 916 547 976 εἰ
569 911 744 994 βούλοιτο,
767 910 835 975 εἴτε
858 918 920 973 τού
942 909 1147 993 Αἰγυπτίων
1168 906 1343 991 βασιλέως
1364 907 1452 971 εἴτει

125 1024 237 1086 5οτοῦ
259 1008 379 1079 Ἰνδῶν.
432 1024 498 1078 τῶν
533 1018 594 1096 μέν
627 1016 689 1099 γάρ
718 1010 829 1077 ἄλλων
857 1016 1018 1075 ἁπάντων
1047 1009 1156 1094 ἔλεγεν
1187 1012 1291 1086 αύτός
1319 1012 1425 1094 ἄρχειν

176 1117 362 1204 ἀρξάμενος
378 1120 448 1180 άπὸ
467 1120 593 1203 Τροίας
614 1122 711 1201 μέχρι
726 1116 946 1191 Αἰθιοπίας·
969 1117 1025 1178 καί
1043 1115 1104 1200 γάρ
1120 1113 1319 1176 Αἰθιόπων
1334 1115 1425 1196 βασι·

177 1219 283 1284 λεύειν
306 1224 364 1284 τὸν
388 1223 492 1283 αὑτοῦ
513 1222 656 1301 ἀνεψιὸν
672 1221 846 1299 Μέμνονα,
869 1222 905 1282 έκ
923 1219 1086 1282 Τιθωνοῦ
1099 1218 1178 1279 ὄντα
1193 1223 1256 1278 τοῦ
1270 1216 1425 1300 Πριάμου

177 1320 336 1409 ἀδελφοῦ.
381 1325 437 1385 καί
466 1319 551 1384 ἄλλα
582 1319 692 1384 πολλά
722 1319 831 1403 έλεγεν
854 1323 1030 1403 ἐπαγωγά,
1057 1321 1113 1382 καί
1136 1315 1228 1401 δῶρα
1252 1314 1368 1380 έδίδοο
1389 1326 1426 1403 τῇ

176 1447 211 1487 τε
234 1423 338 1510 Λήδᾳ
366 1427 517 1499 καὶτοῖς
540 1421 656 1498 ἄλλοις
678 1429 751 1498 τοῖς
774 1425 1021 1508 προσήκουσιν,
1051 1424 1114 1483 ύσα
1139 1418 1216 1483 οὐδὲ
1240 1416 1428 1501 ξύμπαντες
1443 1429 1465 1480 1⁰

177 1530 210 1588 οἱ
224 1519 378 1612 Ἕλληνες
407 1524 576 1589 ἐδύναντο.
622 1528 686 1611 ἔφη
719 1524 754 1588 δέ
780 1527 837 1588 καί
859 1522 1013 1611 ξυγγενὴς
1037 1522 1123 1586 εἷναι
1146 1531 1206 1609 τής
1225 1513 1357 1607 Ἑλένης
1377 1525 1428 1585 καί

177 1630 292 1703 αύτύς·
317 1630 386 1690 ἀπὸ
409 1629 472 1712 γάρ
495 1630 581 1702 Διὸς
604 1627 690 1690 εἶναι
713 1630 771 1689 τύν
793 1629 968 1713 Πρίαμον·
993 1625 1239 1688 πυνθάνεσθαι
1263 1622 1300 1687 δέ
1323 1627 1426 1688 κάκεί-

176 1751 253 1806 νους
279 1733 335 1792 καί
356 1733 416 1817 τήν
439 1727 589 1816 ἀδελφήν
612 1731 721 1792 αὐτῶν
743 1732 830 1804 Διὸς
852 1731 959 1804 ὄντας.
1004 1727 1051 1811 τῷ
1076 1727 1111 1791 δέ
1131 1721 1357 1811 Ἀγαμέμνονι
1377 1730 1428 1790 καί

177 1831 223 1914 τῴ
243 1830 408 1914 Μενελάῳ
431 1835 475 1918 μή
501 1834 683 1917 προσήκειν
707 1827 882 1908 ὀνειδίζειν
906 1829 995 1914 αύτῷ
1019 1833 1079 1916 τήν
1102 1827 1268 1915 πατρίδα·
1291 1831 1349 1892 καί
1370 1831 1427 1914 γάρ

177 1937 298 2009 αύτούς
337 1934 424 1997 εἶναι
464 1937 599 2019 Φρύγας
638 1935 708 1996 άπὸ
745 1931 907 1996 Σιπύλου.
964 1930 1051 1995 πολύ
1091 1930 1129 2019 δή
1168 1936 1323 2017 κρεῖττον
1361 1937 1466 2006 τοῖςιι

176 2035 354 2118 βασιλεῦσι
381 2034 532 2123 κηδεύειν
561 2045 620 2122 τής
640 2028 757 2110 Ἀσίας
784 2038 804 2121 ή
835 2041 908 2111 τοῖς
937 2037 1070 2098 έκεῖθεν
1092 2037 1332 2116 μετανάσταις.
1377 2036 1429 2096 καί

176 2140 238 2223 γάρ
271 2137 499 2220 Λαομέδοντα
532 2136 709 2219 Τελαμῶνι
739 2136 856 2200 δοῦναι
885 2141 944 2225 τήν
973 2143 1096 2200 ἑαυτοῦ
1123 2137 1299 2221 θυγατέρα
1318 2128 1428 2198 Ἡσιύ·

177 2257 250 2324 νην·
281 2240 397 2304 ἐλθεῖν
426 2243 488 2326 γάρ
519 2243 619 2303 αὐτὸν
648 2242 713 2315 εἰς·
730 2243 854 2324 Τροίαν
882 2249 1055 2326 μνηστῆρα
1086 2234 1181 2325 [μετὰ
1206 2229 1428 2324 Ἡρακλέουςή,

178 2344 270 2424 άγειν
307 2341 342 2404 δέ
377 2345 434 2406 καί
467 2346 525 2405 τδν
549 2335 711 2427 Ἡρακλέα
748 2341 848 2428 φίλον
886 2345 966 2405 ὄντα
993 2344 1050 2404 καί
1079 2338 1172 2419 ξένον
1198 2338 1427 2422 Λαομέδοντι.

128 2449 165 2510 51
179 2447 266 2528 πρὸς
290 2445 347 2506 οδν
370 2453 475 2506 ταῦτα
499 2447 517 2505 ύ
542 2438 739 2528 Τυνδάρεως
762 2443 958 2526 ἐβουλεύετο
980 2445 1065 2524 μετά
1094 2450 1161 2506 τῶν
1183 2441 1332 2506 παίδων.
1377 2437 1466 2505 καίδ

177 2545 287 2609 ἐδόκει
309 2548 425 2621 αύτοῖς
449 2555 634 2608 σκοποῦσιν
658 2548 695 2607 ού
715 2553 828 2631 χεῖρον
858 2546 947 2609 εἶναι
976 2543 1183 2632 προσλαβεῖν
1212 2549 1293 2621 τούς
1315 2549 1352 2608 έκ
1373 2555 1428 2632 τῆς

176 2642 299 2723 Ἀσίας
321 2646 493 2730 βασιλέας.
538 2652 597 2735 τήν
619 2651 680 2729 μὲν
702 2650 764 2733 γάρ
787 2647 993 2713 Πελοπιδῶν
1017 2651 1126 2712 οἰκίαν
1149 2649 1235 2728 ἔχειν
1259 2645 1427 2727 Κλυταιμ-

178 2753 323 2836 νήστραν
336 2759 555 2814 συνοικοῦσαν
567 2743 805 2833 Ἀγαμέμνονι·
823 2749 944 2815 λοιπὸν
958 2751 1004 2831 δέ,
1021 2753 1051 2815 εἰ
1062 2749 1209 2837 Πριάμῳ
1222 2748 1427 2837 κηδεύσειαν,

177 2856 233 2916 καί
255 2860 321 2915 τῶν
344 2856 417 2916 ἐκεῖ
436 2851 643 2938 πραγμάτων
672 2859 805 2938 κρατεῖν
828 2856 884 2916 καί
905 2851 1032 2939 μηδένα
1061 2855 1183 2928 αύτούς
1204 2850 1348 2916 κωλύειν
1373 2861 1428 2938 τής

176 2947 299 3029 Ἀσίας
321 2957 377 3017 καί
398 2965 458 3041 τῆς
480 2958 646 3040 Εὐρώπης
669 2958 782 3040 ἄρχειν
805 2953 952 3041 άπάσης.
1004 2959 1090 3041 πρδς
1120 2953 1156 3018 δέ
1185 2963 1293 3018 ταῦτα
1316 2956 1466 3040 ήγωνΜ

128 3059 169 3121 52
179 3052 252 3133 ζετο
275 3059 335 3136 μέν
359 3060 377 3118 ύ
397 3049 628 3139 Ἀγαμέμνων,
652 3063 774 3142 ήττάτο
799 3056 834 3120 δέ
858 3064 931 3133 τοῖς
948 3055 1101 3133 δικαίοις.
1139 3059 1206 3144 ἔφη
1230 3059 1294 3143 γάρ
1314 3060 1335 3119 ὁ
1353 3061 1429 3119 Τυν-

180 3156 309 3243 δάρειος
333 3161 445 3220 ίκανδν
468 3159 557 3221 εἶναι
580 3158 669 3241 αὐτῷ
692 3157 908 3246 κηδεύσαντι·
931 3162 987 3223 καὶ
1010 3163 1078 3240 άμα
1094 3157 1271 3222 ἐδίδασκεν
1287 3163 1342 3223 ύτι
1358 3156 1429 3222 υύδί

181 3265 350 3345 συμφέροι
372 3264 430 3323 τὸν
447 3259 595 3347 άδελῳδν
612 3263 716 3323 αὐτοῦ
729 3266 900 3344 τυγχάνειν
915 3269 982 3325 τῶν
999 3261 1099 3325 ἴσων·
1124 3264 1211 3324 ούτω
1228 3263 1292 3348 γάρ
1308 3259 1430 3343 μᾶλλον

179 3360 453 3442 ἐπιβουλεύσειν·
478 3361 554 3425 οὐδὲ
577 3366 639 3449 γάρ
653 3357 768 3449 Ἀτρεῖ
781 3364 932 3450 Θυέστην
948 3365 1062 3427 εύνοον
1076 3365 1249 3448 γενέσθαι.
1284 3362 1430 3445 μάλιστα

181 3456 212 3526 δ’
232 3466 355 3528 ἔπειθε
372 3463 475 3548 λέγων
494 3462 619 3551 [αὐτὸν]
639 3471 691 3529 ύτι
713 3468 771 3528 ούκ
787 3465 963 3544 ἀνέξονται
986 3467 1019 3528 οί
1041 3463 1139 3530 ἄλλοι
1155 3476 1347 3554 μνηστῆρες
1368 3473 1431 3528 τῶν
1450 3467 1466 3518 ³

175 3560 336 3654 Ἑλλήνων
349 3570 585 3648 ἀποτυχόντες,
600 3571 675 3632 ούτε
686 3567 863 3656 Διομήδης
876 3571 951 3632 ούτε
960 3560 1150 3648 Ἀντίλοχος
1162 3569 1239 3633 ούτε
1251 3561 1431 3650 Ἀχιλλεύς,

179 3667 263 3731 άλλά
288 3668 535 3755 πολεμήσουσι·
558 3677 615 3736 καί
633 3676 686 3736 ὅτι
700 3670 906 3736 κινδυνεύσει
921 3672 1000 3746 τούς
1017 3667 1271 3748 δυνατωτάτους
1287 3681 1432 3759 ποιήσαι

267 3977 278 4025 1
308 3972 443 4029 Μενέλεω
468 3972 493 4028 V
517 3973 669 4030 Μενέλεων
697 3973 779 4028 ceteri
874 3966 940 4030 ἀλλ’
964 3966 997 4030 ού
1020 3965 1189 4046 κάκείνηΒ
1288 3979 1302 4026 ’ί
1330 3969 1433 4046 μέχρισ

178 4056 256 4110 ΒΤΜ
312 4060 549 4126 ίύμεταναστᾶσι
562 4058 680 4114 cobetus
735 4063 765 4112 18
778 4055 858 4128 [μετὰ
867 4053 1046 4126 Ἡρακλέους]
1058 4057 1156 4113 seclusi
1208 4061 1238 4112 21
1253 4050 1402 4116 αύτοὺσί

179 4144 211 4192 22
229 4146 289 4199 τῶν
306 4143 359 4210 μὲν
380 4139 437 4217 γάρ
455 4144 529 4207 libri,
554 4160 623 4198 corr.
642 4144 742 4199 Reiske
829 4145 924 4202 αἰτίαν
941 4144 996 4199 ΤΜ
1019 4143 1128 4201 οἰκείαν
1146 4141 1220 4199 UBV
1309 4145 1341 4197 23
1360 4161 1433 4199 συυι·

177 4231 287 4282 κοῦσαν
310 4228 425 4295 (εἰοίγῑί
513 4225 654 4301 κηάεύσειε
676 4231 726 4286 BV
749 4227 910 4302 κηδεύσειεν
933 4228 1027 4296 UTM,
1051 4243 1121 4284 corr.
1139 4226 1209 4282 Ven.
1315 4231 1350 4282 24
1366 4223 1433 4299 <άν>

177 4313 313 4382 κρατεῖνῗ
400 4318 431 4368 28
451 4314 588 4386 συμφέρει
606 4315 653 4368 ΒΤ
740 4306 836 4373 οδτωο
852 4314 908 4370 VM
993 4317 1025 4368 29
1043 4311 1200 4370 θυέστινῦ
1279 4317 1313 4368 30
1331 4305 1364 4368 δ’
1383 4327 1433 4367 om.

179 4395 200 4448 U
221 4396 250 4452 δὲ
267 4397 292 4452 V
362 4393 461 4456 ἔπειθε
478 4399 570 4472 λέγων
587 4395 677 4456 αὐτὸν
695 4400 767 4455 UBT
786 4397 886 4457 ἕωθεν
904 4400 996 4472 λέγων
1012 4394 1103 4457 αὐτὸν
1119 4397 1175 4454 VM
1194 4389 1286 4456 αύτὸν
1303 4397 1357 4453 del.
1370 4396 1432 4451 Em·

178 4479 270 4546 petius
289 4481 350 4538 dub.
421 4489 453 4539 32
471 4485 561 4540 malim
580 4485 766 4557 ποιήσασθαι,
790 4479 869 4560 αύτῷ
887 4485 1041 4554 πολεμίους
1057 4483 1159 4538 Roiske
