3068 5160
225 300 264 358 14
681 298 806 354 mosis
822 298 874 353 DE
891 296 1019 354 REGNO

174 475 214 536 74
225 476 425 559 εὐσχήμονες
446 475 502 536 καί
522 471 795 558 μεγαλοπρεπεῖς
816 475 873 536 καὶ
888 474 1090 558 ἀρρενωποί.
1128 464 1214 535 Ἥδε
1226 477 1298 553 μέν,
1322 475 1407 560 ἔφη,
1434 491 1491 540 σοι

223 582 242 662 η
267 582 475 661 προσορῶσα
503 578 623 658 γοργόν
645 596 681 637 τε
707 578 764 639 καί
786 574 914 660 πρᾷον,
948 577 984 636 ἐκ
1013 572 1132 652 δεξιῶν
1153 575 1349 662 καθημένη,
1386 579 1489 664 Δίκη,

224 675 373 758 πλείστῳ
405 675 444 763 δη
474 679 530 739 καὶ
554 681 780 762 φανερωτάτῳ
813 675 994 757 λάμπουσα
1022 674 1147 738 κάλλει.
1193 678 1287 762 παρά
1318 675 1356 740 δέ
1383 680 1491 766 αύτην

173 779 212 838 75
224 781 381 860 Εύνομία,
405 781 494 841 πάνυ
518 781 619 859 όμοία
641 782 698 842 καί
718 782 837 864 μικρὸν
860 777 1071 865 διαφέρουσα
1094 781 1132 840 τδ
1156 776 1256 854 εἶδος.
1302 781 1338 841 ἐκ
1365 777 1406 842 δὲ
1430 789 1493 844 τοῦ

223 884 283 944 ἐπὶ
304 882 435 965 θάτερα
458 886 581 965 μέρους
603 884 681 967 γυνη
707 878 840 966 σφόδρα
865 883 974 967 ὡραία
996 883 1052 943 καὶ
1074 882 1187 966 ἁβρῶς
1216 879 1409 968 ἐσταλμένη
1433 885 1521 948 καὶὸ

222 980 389 1064 μειδιῶσα
423 981 578 1057 ἀλύπως·
611 984 756 1068 Εἰρήνην
784 981 944 1046 καλοῦσιν
978 985 1096 1068 αύτην·
1131 986 1150 1044 ό
1184 975 1216 1045 δ’
1252 985 1348 1066 ἐγγύς
1387 983 1491 1062 οὗτος

223 1087 371 1171 έστηκὼς
392 1094 452 1172 τῆς
474 1083 660 1160 Βασιλείας
683 1077 773 1169 παρ’
799 1087 880 1147 αύτδ
903 1087 941 1146 τό
973 1093 1143 1170 σκῆπτρον
1165 1087 1369 1169 ἔμπροσθεν
1395 1089 1489 1167 ἰσχυ-

223 1191 281 1274 ρός
297 1191 390 1274 ἀνήρ,
414 1184 537 1261 πολιός
551 1188 607 1248 καὶ
622 1184 856 1272 μεγαλόφρων,
880 1185 979 1261 οὗτος
998 1185 1036 1273 δη
1056 1180 1232 1270 [καλεῖται]
1248 1190 1381 1267 Νόμος,
1409 1190 1430 1250 ό
1453 1186 1489 1251 δέ

225 1293 325 1366 αὐτὸς
346 1292 403 1353 καὶ
420 1287 518 1370 λόγος
534 1289 641 1372 όρθός
655 1285 821 1372 κέκληται,
846 1285 1034 1369 σύμβουλος
1048 1290 1105 1350 καὶ
1120 1286 1299 1373 πάρεδρος,
1324 1287 1369 1350 οδ
1379 1292 1490 1375 χωρίς

173 1386 212 1447 76
225 1390 320 1455 οὐδὲν
349 1393 493 1464 ἐκείναις
522 1387 650 1474 πρᾶξαι
677 1391 782 1469 θέμις
812 1388 888 1452 οῦδὲ
919 1388 1156 1476 διανοηθῆναι.
1201 1397 1305 1452 ταῦτα
1334 1392 1402 1470 μὲν
1432 1392 1489 1455 οὖν
1509 1404 1525 1455 11

223 1497 353 1556 ἀκούων
379 1495 436 1555 καί
464 1495 551 1576 όρῶν
580 1494 740 1575 ἐτέρπετο
769 1493 826 1553 καὶ
855 1497 1015 1576 προσεῖχε
1043 1495 1102 1554 τόν
1127 1499 1215 1568 νοῦν,
1245 1494 1291 1566 ὡς
1314 1489 1488 1556 ούδέποτε

224 1597 334 1657 αύτῶν
363 1591 619 1678 ἐπιλησόμενος.
665 1593 823 1655 ἐντεῦθεν
852 1591 891 1679 δη
921 1595 998 1656 ἐπεὶ
1025 1597 1198 1669 κατιόντες
1220 1596 1375 1676 ἐγένοντο
1400 1597 1488 1658 κατά

223 1701 281 1784 την
310 1698 505 1782 τυραννικήν
528 1692 673 1772 εἴσοδον,
695 1696 822 1779 Δεῦρο,
852 1696 934 1780 ἔφη,
964 1697 1095 1758 θέασαι
1116 1698 1173 1758 καὶ
1194 1699 1254 1782 την
1276 1700 1417 1782 ἑτέραν,
1449 1698 1488 1784 ἦς

222 1801 345 1885 έρῶσιν
375 1801 409 1860 οἱ
438 1795 561 1860 πολλοὶ
589 1799 645 1859 καὶ
674 1800 754 1882 περὶ
781 1798 821 1883 ης
851 1794 962 1858 πολλά
986 1799 1043 1859 καὶ
1065 1795 1271 1860 παντοδαπά
1295 1802 1487 1883 πράγματα

222 1903 346 1981 έχουσι,
371 1903 570 1986 φονεύοντες
587 1902 621 1961 οἱ
635 1897 861 1984 ταλαίπωροι,
885 1897 1008 1974 παῖδές
1023 1920 1059 1962 τε
1074 1907 1208 1981 γονεῦσι
1224 1897 1394 1976 πολλάκις
1411 1904 1488 1965 ἐπι·
1507 1910 1526 1961 ii

221 2002 438 2085 βουλεύοντες
459 2005 515 2065 καὶ
537 2007 646 2084 γονεῖς
668 2003 771 2063 παισὶ
792 2003 848 2063 καὶ
870 1998 1015 2087 ἀδελφοί
1040 1998 1220 2087 ἀδελφοῖς,
1252 2004 1290 2063 τό
1319 2007 1488 2084 μέγιστον

172 2107 322 2168 ῖῖκακόν
345 2105 599 2179 ἐπιποθοῦντες
620 2105 677 2166 καί
697 2098 946 2188 μακαρίζοντες,
970 2099 1127 2179 ἐξουσίαν
1149 2104 1233 2182 μετά
1257 2105 1388 2179 ἀνοίας.
1429 2107 1526 2169 salae

224 2206 261 2294 δη
286 2209 505 2290 πρῶτονμὲν
529 2204 619 2287 αῦτῳ
642 2206 683 2266 τά
711 2208 791 2284 περὶ
812 2207 872 2291 την
894 2201 1029 2266 εἴσοδον
1051 2202 1231 2282 ἐδείκνυεν,
1261 2207 1307 2279 ὡς
1329 2207 1396 2285 μία
1424 2209 1487 2288 μὲν

222 2310 381 2395 ἐφαίνετο
405 2304 586 2391 πρόδηλος,
608 2309 665 2369 καὶ
688 2308 768 2391 αῦτη
795 2304 921 2385 σχεδὸν,
946 2308 1070 2369 ὁποίαν
1089 2311 1255 2392 πρότερον
1270 2306 1383 2386 εἷπον,
1407 2311 1486 2370 ἐπι-

224 2407 357 2496 σφαλὴς
378 2410 435 2471 καὶ
456 2400 541 2492 παρ’
568 2410 668 2470 αὐτόν
693 2413 844 2493 φέρουσα
867 2410 925 2469 τόν
947 2411 1108 2493 κρημνόν,
1137 2407 1263 2472 πολλαὶ
1292 2406 1327 2471 δέ
1359 2407 1528 2495 ἀδηλοιύ

221 2514 278 2574 καὶ
300 2513 443 2597 ἀφανεῖς
467 2507 649 2587 διαδύσεις,
671 2511 728 2571 καὶ
748 2506 853 2590 κύκλῳ
879 2516 948 2583 ποῖς
969 2511 1142 2590 ’ὑπόνομος
1165 2513 1184 2571 ό
1205 2514 1313 2586 τόπος
1327 2513 1387 2575 καί
1410 2510 1485 2575 δια·

222 2619 426 2699 τετμημένος
447 2601 509 2674 ὑπ’
537 2613 637 2674 αὐτόν
661 2611 759 2692 οἶμαι
781 2613 839 2673 τδν
861 2613 999 2696 θρόνον,
1023 2613 1060 2673 αί
1083 2610 1118 2674 δέ
1142 2610 1291 2697 πάροδοι
1305 2615 1364 2676 καὶ
1380 2616 1484 2699 ἀτρα·

223 2719 284 2779 ποὶ
307 2724 419 2778 πᾶσαι
441 2718 656 2800 πεφυρμέναι
680 2715 800 2793 αἵματι
820 2715 877 2776 καὶ
898 2716 1020 2793 μεσταὶ
1039 2721 1171 2798 νεκρῶν.
1211 2711 1267 2777 διά
1291 2713 1327 2777 δέ
1350 2720 1483 2779 τούτων

223 2817 379 2899 ούδεμιάς
401 2814 478 2902 ἦγεν
502 2817 612 2892 αὐτόν,
636 2806 712 2876 ἀλλ>
738 2811 869 2891 ἔξωθεν
883 2817 1138 2901 καθαρωτέραν,
1162 2818 1220 2877 άτε
1237 2814 1335 2896 οἶμαι
1349 2819 1483 2904 θεατην

172 2920 211 2982 78
223 2919 392 2997 έσόμενον.
437 2919 514 2980 ἐπεὶ
531 2915 566 2979 δέ
583 2914 756 3002 εἰσῆλθον,
778 2914 1076 2998 καταλαμβάνουσι
1090 2919 1149 3003 την
1168 2914 1356 3002 Τυραννίδα
1372 2919 1483 3004 καθη·
1502 2925 1525 2976 ό

221 3023 323 3103 μένην
345 3016 478 3105 δψηλην
501 3016 706 3104 ἐξεπίτηδες,
731 3024 1030 3104 προσποιουμένην
1051 3021 1108 3081 καὶ
1123 3020 1361 3105 ἀφομοιοῦσαν
1378 3022 1482 3106 αὐτὴν

222 3129 263 3205 τῇ
286 3118 461 3204 Βασιλείᾳ,
485 3118 573 3182 πολύ
597 3118 643 3198 δέ,
667 3123 714 3195 ὡς
736 3117 902 3201 ἐνόμιζεν,
933 3118 1132 3206 ὑψηλοτέρῳ
1164 3124 1222 3184 καί
1242 3122 1412 3205 κρείττονι
1432 3119 1481 3203 τῷ

223 3222 348 3306 θρόνῳ,
371 3224 495 3306 μυρίας
523 3220 628 3297 ἀλλος
649 3224 744 3298 τινάς
766 3225 877 3302 ἔχοντι
906 3220 1052 3308 γλυφάς,
1081 3225 1138 3285 καὶ
1165 3221 1325 3285 διαθέσει
1352 3230 1483 3307 χρυσοῦ

221 3324 278 3384 καὶ
299 3319 484 3408 ἐλέφαντος
505 3327 562 3387 καὶ
583 3322 742 3411 ηλέκτρου
764 3328 821 3388 καὶ
842 3327 958 3407 ἐβένου
973 3327 1030 3387 καὶ
1045 3323 1277 3388 παντοδαπῶν
1290 3327 1479 3409 χρωμάτων

222 3421 484 3508 πεποικιλμένῳ.
539 3429 598 3513 την
632 3424 668 3489 δέ
701 3429 801 3509 βάσιν
837 3429 894 3489 οῦκ
926 3424 965 3512 ἦν
999 3424 1156 3513 ἀσφαλής
1190 3429 1209 3488 δ
1240 3428 1369 3512 θρόνος
1403 3424 1479 3488 oecis
1498 3430 1523 3482 θ]

306 3604 374 3666 4τὸ
392 3605 502 3666 κάλλοσ
519 3605 554 3666 τὸ
575 3605 882 3676 εἷόοσ(1ιοσίιιωεες.,
901 3609 1133 3677 sedapr.m.)U
1220 3601 1394 3666 6οάτωσ1ί

222 3698 236 3749 8
253 3692 348 3763 όὴρτο
361 3695 391 3752 δὲ
408 3695 515 3764 scripsi,
533 3695 622 3749 deleto
640 3699 778 3760 καλεῖται,
797 3694 869 3764 quod
886 3694 963 3748 iuxta
980 3692 1113 3765 κέκληται
1130 3693 1252 3763 positum
1270 3693 1383 3749 offendit
1394 3693 1478 3749 Wils·

221 3780 382 3836 mowitzium
439 3783 455 3833 9
473 3779 598 3847 suspicor
615 3780 729 3836 Dionem
748 3781 900 3849 scripsisse:
922 3775 1084 3852 σύμβουλος
1106 3774 1178 3850 (τόν)
1195 3782 1244 3835 καὶ
1262 3797 1292 3835 π.
1357 3784 1388 3833 10
1407 3773 1477 3852 πρά·

220 3871 324 3933 ξασθαι
342 3866 367 3920 V
384 3861 503 3936 πράξειν
520 3865 555 3918 W
615 3870 646 3919 15
664 3870 727 3934 post
744 3861 921 3934 φονεύοντεσ
938 3865 1012 3920 UBV
1030 3865 1097 3917 haee
1114 3865 1250 3918 inserunt:
1269 3856 1413 3935 άλλήλουσ
1429 3865 1477 3920 καί

219 3946 458 4024 ἐπιβουλεύοντεσ
508 3949 674 4022 γονεῦσιν11
725 3945 964 4021 ἐπιβουλεύοντεσ
980 3950 1026 4003 hie
1043 3964 1095 4002 om.
1108 3947 1183 4004 UBV
1242 3953 1273 4002 16
1291 3949 1428 4005 παισὶνῖ

222 4029 375 4105 11μετῬ
447 4040 478 4090 19
496 4031 658 4106 έπισφαλὴσ
675 4034 705 4092 δὲ
722 4034 771 4090 UB
840 4039 872 4088 20
890 4029 1062 4092 πολλὰδὲῐ]
1132 4037 1163 4088 21
1183 4029 1350 4105 όιαδύσησΡ
1420 4052 1476 4090 που

219 4137 268 4190 pro
281 4119 401 4179 πᾶσΠΒ
471 4120 689 4192 διατετμημένος
707 4119 826 4175 Cobetus
845 4119 922 4186 (0011.
941 4119 1013 4185 crit.)
1082 4122 1115 4172 23
1133 4119 1163 4176 δὲ
1181 4118 1288 4181 om..W
1358 4122 1391 4173 25
1410 4112 1475 4174 ἐσό-

218 4227 307 4274 μενον
324 4201 448 4276 <μόνον>
465 4204 583 4259 Cobetus
602 4205 679 4270 (0011.
699 4205 769 4271 erit.)
837 4209 870 4259 27
888 4199 1070 4277 ὑψηλοτέραν
1086 4207 1136 4261 καὶ
1153 4201 1221 4275 (ἐν)
1238 4205 1385 4278 κρείττονι
1396 4200 1475 4269 Wil.;

219 4294 267 4347 sed
285 4286 324 4357 ὡς
340 4286 472 4360 ἐνόμιζεν
489 4290 524 4344 ad
541 4289 712 4344 altitudinem
729 4306 784 4346 non
801 4296 865 4359 epte
881 4291 1011 4358 refertum
1029 4290 1093 4345 fort.
1112 4285 1187 4346 πολὺ
1205 4288 1243 4354 δὲ,
1261 4278 1305 4344 άσ
1324 4287 1395 4360 (γε)
1412 4281 1474 4344 ἐνά·

218 4378 301 4444 μιζεν
317 4396 362 4449 κρ.
382 4379 424 4451 τῷ
441 4380 489 4447 θρ.
508 4375 694 4447 <χρωμένην>
763 4379 796 4430 28
820 4394 903 4432 τινασ
920 4372 1013 4434 άλλασ
1032 4375 1071 4442 U,
1094 4370 1186 4431 άλλασ
1203 4389 1256 4429 om.
1275 4373 1308 4428 B.
1363 4370 1475 4429 διαθέσι

219 4460 329 4525 Reiske,
347 4461 492 4518 όιαῦέσεισ
508 4460 571 4515 libri
589 4476 681 4516 omnes
