3068 5160
622 315 757 371 ORATIO
776 319 825 374 XI.
1292 320 1350 378 141

95 482 179 553 ποτ’
205 492 247 552 ἂν
270 492 431 575 ἐποίησεν
451 483 620 570 Ἀχιλλεύς
642 495 686 577 μη
711 493 932 579 ἀπόπληκτος
948 495 1009 554 ὤν·
1034 496 1064 556 εί
1081 491 1116 555 δὲ
1132 496 1187 578 μή,
1213 497 1349 568 πάντως

96 595 139 657 ἂν
162 594 264 655 αύτύν
287 589 432 654 ἐκώλυσε
457 591 586 671 Φοῖνιξ.
664 588 740 656 ἀλλ’
767 599 804 657 οὐ
828 598 889 680 γάρ
912 591 1080 676 ἐβούλετο,
1106 598 1201 680 φησί,
1226 600 1352 675 ταχέως

98 692 297 772 ἀπαλλάξαι
318 703 381 757 τοῦ
400 694 553 758 κινδύνου
576 700 655 772 τούς
668 689 834 776 Ἀχαιούς,
858 702 922 772 έως
944 699 985 758 άν
1010 694 1093 780 λάβῃ
1114 698 1155 758 τά
1173 694 1274 781 δῶρα,
1297 700 1353 760 καὶ

97 800 168 879 ἅμα
192 794 328 859 οὐδέπω
352 806 411 883 τῆς
427 799 526 883 ὀργῆς
542 802 727 862 ἐπέπαυτο.
762 802 818 861 καὶ
833 801 867 860 τί
884 796 921 883 ἦν
937 795 1097 878 ἐμποδὼν
1114 800 1215 860 αὐτόν
1232 797 1353 883 προελ·
1374 801 1430 862 101

64 900 207 963 ὀθόντα
239 891 303 985 ἐφ’
329 902 410 961 ὅσον
432 898 590 980 ἐβούλετο
614 899 719 964 πάλιν
741 903 891 986 μηνίειν,·
920 898 1026 977 ξυνεὶς
1050 897 1085 961 δέ
1109 909 1168 985 τῆς
1193 905 1353 987 τοιαύτης

97 998 239 1082 ἀλογίας
262 1002 446 1063 αἰνίττεται
470 1000 526 1064 διά
551 1005 739 1087 πρόρρησίν
761 1025 836 1065 τινα
859 1008 971 1082 μένειν
991 1004 1100 1079 αὐτόν,
1125 1005 1180 1079 ὡς,
1204 1004 1235 1064 εί
1251 996 1351 1086 ἐξῄει,

97 1106 237 1177 πάντως
253 1104 547 1183 ἀποθανούμενον,
571 1108 725 1189 άντινρυς
749 1107 853 1166 αὐτοῦ
865 1113 1057 1190 κατηγορῶν
1074 1101 1217 1166 δειλίαν·
1240 1106 1352 1167 καίτοι

97 1201 176 1290 ἐξῆν
212 1203 302 1286 αὐτῷ
339 1203 395 1267 διά
430 1209 553 1291 ταύτην
582 1210 641 1292 την
671 1211 859 1292 πρόρρησιν
889 1205 1108 1268 ἀποπλεῦσαι
1137 1204 1351 1285 διενεχθέντα

99 1308 187 1391 πρὸς
215 1309 273 1369 τόν
294 1299 534 1389 Ἀγαμέμνονα.
582 1311 619 1370 ού
642 1314 760 1388 μέντοι
782 1307 867 1371 άλλά
890 1312 945 1372 καί
969 1311 1131 1393 περὶτοῦ
1152 1306 1350 1392 Πατρόκλου

10 1420 77 1475 0111
98 1410 274 1490 ἐτύγχανεν
297 1411 447 1495 ἀκηκοὼς
470 1421 529 1496 τῆς
551 1416 687 1497 μητρός,
711 1415 747 1473 ύν
772 1428 876 1497 φησιν
899 1414 934 1472 ἐν
951 1411 1013 1492 ἴσῳ
1031 1419 1071 1495 τῇ
1087 1415 1209 1471 ἑαυτοῦ
1222 1408 1352 1495 κεφαλῇ

97 1519 200 1590 τιμᾶν
234 1513 290 1573 καί
317 1509 401 1596 μηδὲ
432 1514 533 1587 αὐτός
562 1514 613 1574 ἔτι
642 1511 832 1593 βούλεσθαι
861 1509 917 1599 ζῆν
946 1515 1073 1575 ἐκείνου
1101 1512 1350 1586 ἀποθανόντος.

99 1605 159 1696 [ὡς
182 1610 218 1674 δὲ
242 1615 331 1697 έώρα
356 1615 455 1675 αὐτόν
480 1616 517 1675 ού
543 1612 725 1694 δυνάμενον
740 1618 912 1696 βαστάσαι
929 1618 966 1677 τδ
984 1613 1064 1699 δόρυ
1080 1615 1121 1676 τά
1138 1611 1223 1674 άλλα
1240 1611 1353 1675 ἐδίδου
1374 1615 1433 1677 102

99 1711 202 1800 δῆλον
225 1718 278 1776 ύτι
301 1720 527 1799 προσεοικότα
551 1714 597 1797 τη]
623 1714 751 1800 δόρατι,
774 1720 831 1780 καί
847 1720 904 1779 οὐκ
920 1719 1080 1802 ἐφοβεῖτο
1096 1719 1140 1802 μη
1159 1717 1196 1776 ού
1215 1713 1353 1800 δύνηται

100 1820 218 1901 φέρειν
252 1818 351 1878 αύτά·
388 1820 503 1902 ὥσπερ
540 1819 597 1879 σύν
626 1820 684 1880 καί
714 1837 799 1904 φησι
831 1820 997 1904 συμβῆναι
1026 1820 1105 1902 περί
1133 1815 1192 1902 την
1221 1813 1353 1902 μάχην]

48 1933 77 1987 15
98 1915 185 1979 ἀλλά
208 1920 271 2003 γάρ
295 1918 399 1994 εἴτις
423 1923 557 1981 ἅπαντα
581 1917 720 2001 ἐλέγχοι,
745 1918 832 1981 πολύ
855 1922 896 1981 ἂν
919 1922 1014 2003 ἔργον
1038 1919 1098 2004 εἴη.
1137 1921 1253 2002 τὸγὰρ
1272 1927 1352 2000 ψεύ-

100 2016 160 2095 δος
181 2017 219 2097 ἐξ
242 2021 345 2082 αὑτοῦ
368 2025 514 2106 φανερόν
538 2025 612 2084 ἐστι
635 2029 707 2098 τοῖς
732 2028 972 2106 προσέχουσιν·
998 2023 1084 2082 ὥστε
1101 2017 1211 2082 ούδενί
1226 2017 1351 2104 άδηλον

98 2124 156 2184 καί
177 2130 245 2184 τῶν
268 2119 380 2205 ὀλίγον
404 2133 481 2186 νοῦν
504 2127 646 2204 ἐχόντων
669 2129 722 2186 ότι
739 2122 854 2203 σχεδόν
873 2121 1062 2207 ὑπόβλητός
1078 2125 1170 2183 ἐστιν
1187 2123 1352 2206 ύΠάτρο-

98 2221 178 2299 κλος
199 2227 257 2287 καί
278 2233 397 2288 τοῦτον
420 2225 622 2310 ἀντήλλαξεν
638 2221 783 2312 Ὅμηρος
806 2234 867 2287 τοῦ
877 2217 1064 2304 Ἀχιλλέως,
1088 2222 1292 2304 βουλόμενος
1314 2228 1352 2286 τό

98 2318 176 2388 κατ’
201 2329 327 2389 ἐκεῖνον
349 2331 489 2411 κρύψαι.
528 2331 747 2414 ὑφορώμενος
771 2327 806 2391 δέ
829 2331 874 2413 μή
898 2350 950 2402 τις
973 2331 1038 2413 άρα
1061 2330 1200 2390 καὶτοῦ
1220 2328 1353 2406 Πατρό-
1375 2329 1433 2390 103

46 2446 77 2497 10
99 2427 179 2492 κλου
203 2424 284 2514 ζητῇ
307 2433 432 2515 τάφον·
458 2432 573 2514 ὥσπερ
598 2431 694 2511 οἶμαι
716 2433 772 2493 καί
794 2438 860 2492 τῶν
876 2428 987 2492 ἄλλων
1004 2432 1169 2513 ἀριστέων
1185 2435 1252 2490 τῶν
1268 2430 1353 2489 άπο-

100 2533 279 2594 θανόντων
306 2534 340 2593 ἐν
367 2535 474 2616 Τροίᾳ
498 2535 640 2617 φανεροί
663 2535 749 2595 εἰσιν
774 2535 807 2594 οἱ
829 2536 952 2618 τάφοι·
982 2529 1038 2593 διά
1061 2539 1160 2592 τοῦτο
1185 2550 1353 2614 προκατα-

101 2632 283 2715 λαμβάνων
307 2635 365 2695 οδκ
387 2637 452 2719 ἔφη
477 2637 587 2719 τάφον
612 2637 716 2696 αὐτοῦ
735 2636 898 2717 γενέσθαι
920 2627 1004 2694 καθ’
1031 2635 1141 2709 αὐτόν,
1166 2629 1250 2692 ἀλλά
1268 2633 1352 2710 μετά

100 2745 163 2799 τοῦ
181 2729 360 2815 Ἀχιλλέως
383 2737 536 2822 τεθῆναι.
583 2735 653 2816 [καί
676 2741 816 2820 Νέστωρ
840 2739 900 2815 μὲν
925 2737 982 2796 οὐκ
1004 2732 1128 2819 ἠξίωσε
1150 2726 1223 2813 μετ’
1246 2725 1352 2794 Ἀντι-

103 2835 201 2918 λόχου
229 2847 380 2923 ταφῆναι
404 2831 450 2900 δι’
478 2840 578 2901 αὐτόν
601 2841 856 2914 ἀποθανόντος,
888 2835 1001 2900 οἴκαδε
1023 2839 1064 2898 τά
1089 2839 1173 2898 ὀστᾶ
1192 2837 1351 2915 κομίσας·

47 2957 77 3009 z
101 2942 144 3003 τά
169 2939 204 3003 δὲ
228 2948 289 3002 τού
300 2932 478 3019 Ἀχιλλέως
502 2944 588 3003 ὀστᾶ
608 2943 774 3025 άνεμίχθη
794 2946 866 3015 τοῖς
881 2948 942 3001 τοῦ
956 2937 1153 3024 Πατρόκλου
1160 2933 1182 3021 ,·]
1204 2936 1352 3018 μάλιστα

100 3046 162 3123 μὲν
193 3043 250 3105 οὖν
280 3040 437 3122 ἐβούλετο
454 3035 601 3128 Ὅμηρος
631 3045 799 3128 ἀφανίσαι
828 3047 887 3129 την
914 3051 975 3103 τοῦ
993 3035 1171 3122 Ἀχιλλέως
1199 3038 1353 3126 τελευτὴν

102 3146 149 3219 ὡς
173 3147 230 3206 ούκ
253 3145 495 3219 ἀποθανόντος
518 3148 552 3206 ἐν
572 3137 667 3227 Ἰλίῳ.
706 3154 805 3206 τοῦτο
830 3143 865 3206 δέ
889 3147 966 3207 ἐπεὶ
988 3142 1152 3206 ἀδύνατον
1175 3145 1274 3227 ἑώρα,
1298 3153 1357 3229 τῆς
1378 3144 1436 3204 104

103 3248 218 3331 φήμης
233 3248 481 3330 ἐπικρατούσης
496 3249 552 3309 καὶ
567 3255 628 3308 τού
642 3250 752 3332 τάφου
770 3244 992 3326 δεικνυμένου,
1016 3250 1054 3307 τό
1070 3266 1106 3328 γε
1121 3235 1181 3331 ὑφ’
1201 3238 1356 3328 Ἕκτορος

190 3475 285 3548 1μηόὲ
296 3477 387 3544 priore
398 3477 458 3532 loco
471 3477 532 3531 libri
545 3479 684 3547 praeterT
737 3471 830 3534 2άλλ’
848 3493 898 3532 om.
911 3478 966 3531 VM
1019 3473 1219 3545 λέμπόόιονΤ
1273 3480 1356 3532 ὅσια-

102 3557 245 3635 πόθθόσίέ
256 3562 281 3617 U
294 3556 338 3618 0ῑᾶ
357 3557 498 3635 πόρθησιν
519 3565 538 3615 Β
557 3557 594 3618 δι’
614 3557 776 3634 άπόρρησιν
786 3563 839 3616 ΜΤ
894 3556 983 3619 αύτὸν
996 3558 1034 3628 ὡς
1047 3556 1291 3629 άπυθανυύμενυν
1303 3561 1355 3614 VM

105 3640 194 3703 αύτδν
206 3646 233 3704 τί
243 3643 317 3716 ἐξῄει
330 3644 449 3704 πάντωσ
461 3642 703 3718 άποθανυύμενον
715 3648 789 3704 UBT
842 3653 856 3703 8
876 3645 942 3715 ἐξὸν
953 3639 987 3719 ἦν
999 3647 1078 3701 BVM
1096 3645 1160 3717 ἐξῆν
1172 3645 1222 3701 UT
1240 3647 1308 3711 (scil.
1328 3647 1355 3700 in

105 3800 207 3855 trehet.
225 3752 302 3867 ἐξλλ)
372 3795 424 3871 τὴν
441 3795 603 3873 άπόῤῥησιν
620 3801 690 3864 libri,
709 3802 854 3870 praeterV
926 3804 1013 3858 οτοῦ
1030 3816 1081 3855 om.
1100 3800 1149 3855 UT
1222 3805 1252 3854 10
1271 3819 1356 3871 φησιν

107 3880 170 3942 ίσοκ
187 3889 224 3956 τῇ
240 3887 266 3941 U
283 3904 369 3957 φησιν
386 3883 450 3942 ἴσον
467 3887 542 3956 τῇΤ
615 3891 644 3940 12
663 3880 705 3942 ὡσ
723 3887 753 3943 δὲ
771 3883 871 3958 ἑώρων
887 3886 943 3941 VM
1013 3881 1052 3950 ὡς
1069 3886 1099 3943 δέ
1116 3879 1193 3959 ὲεύρα
1213 3882 1357 3956 -μάχας

108 3968 131 4023 εἰ
146 3970 264 4038 genuina
280 3976 344 4040 post
361 3964 501 4028 ἀπολέσαι
518 3968 698 4044 βουλόμενος
716 3989 743 4040 p.
761 3975 860 4037 11015
878 3972 1021 4025 inserenda
1037 3977 1108 4026 sunt.
1185 3968 1274 4028 τάλλα
1293 3970 1322 4023 Μ

112 4059 141 4107 11
157 4060 308 4128 συμβεῖναι
327 4056 353 4111 U
457 4052 507 4128 τὴν
528 4052 621 4127 μάχην
640 4057 716 4117 Wil.,
741 4053 793 4120 τὰς
809 4054 904 4126 μάχας
921 4056 984 4110 libri
1107 4062 1136 4111 15
1156 4053 1242 4128 ἔργον
1259 4049 1297 4112 άν
1314 4052 1356 4124 τίη

106 4138 325 4206 (11000111)οΤ
396 4145 427 4195 16
445 4138 651 4212 φανεράτερόν
668 4139 728 4196 ἐστι
746 4140 795 4196 UT
866 4146 895 4195 11
914 4145 963 4197 καί
985 4157 1037 4195 om.
1059 4141 1114 4194 VM
1206 4131 1289 4197 δ’στισ
1307 4156 1356 4208 pro

109 4212 154 4279 δτι
170 4224 202 4279 Μ
273 4228 304 4278 18
321 4218 483 4296 άπὴλλαξεν
505 4225 570 4280 libri
593 4218 760 4295 (άπήλεγξεν
778 4225 819 4290 Τ),
839 4240 907 4279 corr.
926 4226 1005 4294 Emp.
1084 4221 1128 4282 διδ
1148 4229 1199 4282 τοῦ
1217 4222 1357 4296 άχιλλέωσ

106 4306 182 4375 libri,
200 4324 271 4365 corr.
290 4308 370 4379 Emp.
459 4314 490 4364 10
512 4306 742 4381 ύφορόμενοσῖί
827 4314 871 4366 δεῖ
886 4327 935 4378 pro
953 4311 983 4366 δὲ
1001 4311 1031 4364 Μ
1117 4314 1148 4363 20
1167 4311 1288 4381 ζητυῖΤ

107 4384 250 4465 ἄριστέων
266 4408 319 4449 om.
337 4393 388 4449 UT
440 4397 469 4448 21
491 4394 527 4448 cf.
550 4398 639 4450 Ψ214
696 4398 728 4448 23
747 4397 805 4458 [καί
818 4394 938 4466 Νέστωρ
957 4427 983 4434 —
1010 4392 1187 4466 Πατρόκλου]
1207 4395 1306 4450 seclusi

108 4480 141 4533 2⁶
157 4469 307 4551 άνεμῆχύη
321 4479 348 4535 U
364 4494 400 4534 m.
417 4495 458 4547 pr,
528 4482 560 4532 28
578 4475 613 4535 τό
631 4497 663 4534 τε
680 4478 752 4543 libri,
771 4493 840 4533 corr.
859 4479 959 4534 Reiske
