3068 5160
708 328 830 385 Diouis
848 306 1014 384 uuoiuul

386 509 422 579 ός
447 525 530 566 ποτε
555 499 645 588 δεῦρ’
671 506 784 570 ἐλθὼν
807 498 891 585 ένεχ’
919 507 1036 567 ἵππων
1059 501 1304 584 Λαομέδοντος

387 605 422 683 ἕξ
446 607 519 690 οἴης
543 610 601 669 σύν
625 609 721 691 νηυσὶ
742 609 798 669 καὶ
820 605 964 690 ἀνδράσι
987 610 1248 690 παυροτέροισιν

383 701 480 772 Ἰλίου
504 707 695 786 ἐξαλάπαξε
719 706 829 784 πόλιν,
851 712 982 794 χήρωσε
1007 701 1039 770 δ’
1065 709 1192 789 ἀγυιάς.

237 811 379 887 Ούκοον,
409 810 520 888 εἶπεν,
552 810 627 873 οὐδὲ
658 819 756 872 τοῦτο
780 809 909 896 ἀληθὲς
940 808 1082 891 λέγουσι.
1136 817 1211 884 πῶς
1233 810 1295 893 γὰρ
1319 810 1354 869 ἑν
1385 804 1484 888 ὀλίγῳ

230 918 336 998 χρόνῳ
357 907 469 996 [οὕτω]
483 911 585 988 πόλις
597 911 724 975 ἁλοῦσα
736 916 792 976 καὶ
803 913 1023 998 ἐρημωθεῖσα
1040 914 1206 997 τοσαύτην
1218 908 1379 973 ἐπίδοσιν
1395 912 1488 988 έσχεν
1506 921 1517 968 5

234 1019 280 1089 ὡς
301 1017 460 1099 μεγίστην
482 1017 645 1097 γενέσθαι
660 1023 726 1076 τῶν
740 1016 825 1076 κατά
841 1017 900 1100 τὴν
913 1007 1030 1076 Ἀσίαν
1037 1036 1047 1088 ;
1072 1019 1146 1086 πῶς
1163 1009 1197 1073 δέ
1214 1014 1232 1072 0‘
1246 1014 1308 1090 μὲν
1321 1003 1485 1097 Ἡρακλῆς

235 1120 293 1178 σύν
316 1114 352 1193 ἒξ
374 1119 490 1178 ναυσίν
514 1115 600 1179 εἷλεν
628 1121 663 1179 ἐκ
693 1114 823 1178 πολλοῦ
850 1118 1052 1200 ἀπόρθητον
1082 1115 1200 1190 οὖσαν,
1231 1116 1264 1174 οἱ
1293 1111 1329 1175 δέ
1356 1104 1486 1192 Ἀχαιοί

232 1220 316 1298 μετὰ
340 1225 422 1280 νεῶν
442 1215 561 1297 χιλίων
583 1221 639 1280 καὶ
663 1216 845 1280 διακοσίων
873 1216 1034 1292 ἐλθόντες
1064 1219 1121 1278 ούκ
1150 1214 1308 1278 ἐδύναντο
1337 1212 1445 1290 έλεῖν,·
1465 1217 1523 1299 title

234 1328 308 1394 πῶς
330 1324 388 1381 τόν
411 1321 569 1403 Πρίαμον
593 1319 686 1382 εἴασε
708 1317 899 1400 βασιλεύειν
923 1313 1131 1405 όἩρακλῆς,
1155 1320 1360 1392 ἀποκτείνας
1384 1309 1485 1378 αὐτού

233 1425 290 1482 τόν
307 1426 448 1504 πατέρα,
466 1423 512 1495 ὡς
529 1420 665 1484 πάντων
682 1423 899 1505 ἐχθρότατον,
924 1413 999 1481 ἀλλ’
1026 1422 1083 1482 οάκ
1098 1417 1199 1481 ἀλλον
1215 1420 1290 1481 τινὰ
1307 1417 1483 1495 ἀπέδειξεν
1502 1432 1524 1482 11

183 1527 223 1590 58
234 1526 377 1607 ἀρχοντα
401 1532 459 1608 τῆς
480 1525 610 1606 χώρας,·
638 1526 668 1585 εί
692 1516 725 1585 δ’
757 1520 797 1607 ἦν
821 1526 927 1598 ούτως
950 1525 996 1598 ὥς
1020 1540 1122 1608 φασι,
1147 1529 1221 1596 πῶς
1245 1522 1303 1581 οὐκ
1326 1522 1484 1606 ἔφριττον

231 1619 268 1686 ὀί
293 1631 405 1710 Τρῶες
427 1627 483 1686 καὶ
506 1628 524 1685 ό
547 1627 704 1709 Πρίαμος
732 1628 791 1710 την
815 1628 901 1709 πρός
923 1627 1002 1698 τούς
1016 1617 1174 1708 Ἕλληνας
1197 1624 1336 1706 ἔχθραν,
1361 1621 1484 1696 εἰδότες

233 1732 286 1790 ότι
314 1731 370 1790 καί
399 1731 564 1811 πρότερον
600 1726 695 1789 οὐδέν
724 1724 918 1812 τηλικοῦτον
947 1723 1190 1810 ἐξαμαρτόντες
1223 1721 1406 1787 ἀπώλοντο
1434 1726 1484 1786 καί

234 1827 420 1891 ἀνάστατοι
442 1832 603 1910 έγένοντο,
627 1832 682 1892 καί
705 1827 829 1891 πολλοὶ
842 1831 1105 1913 μνημονεύοντες
1123 1830 1182 1912 την
1206 1824 1335 1888 ἅλωσιν
1352 1829 1368 1866 *
1383 1824 1484 1911 μηδὲν

233 1933 362 1992 τούτων
384 1933 543 2016 ἐννοῆσαι
563 1930 647 2018 μηδέ
670 1930 819 1993 κωλύσαι
841 1922 1129 2013 τὸνἉλέξανδρον
1144 1927 1271 2014 μηδένα
1296 1930 1407 1991 αὐτῶν
1414 1953 1426 2004 ,·
1504 1939 1524 1991 11

233 2035 308 2095 τίνα
339 2030 526 2116 δὲτρόπον
555 2036 760 2119 ἀφικόμενος
789 2035 837 2106 είς
866 2036 925 2117 την
944 2024 1082 2093 Ἑλλάδα
1114 2039 1213 2116 συνῆν
1239 2039 1281 2115 τῇ
1301 2023 1411 2116 Ἑλένῃ
1434 2034 1485 2094 καὶ

119 2209 120 2212 ¹
236 2132 400 2215 διελέγετο
430 2138 486 2197 καί
515 2133 676 2197 τελευτῶν
698 2137 875 2196 ἀνέπεισεν
911 2136 1012 2218 αὐτην
1041 2129 1209 2218 <φογεῖν>,
1245 2135 1330 2217 μήτε
1364 2138 1485 2216 γονέων

234 2240 316 2322 μήτε
333 2234 499 2321 πατρίδος
515 2240 598 2322 μήτε
614 2235 735 2321 ἀνδρός
750 2239 769 2321 ἢ
787 2239 957 2321 θυγατρός
972 2239 1055 2321 μήτε
1070 2245 1129 2322 της
1146 2236 1239 2319 παρὰ
1263 2240 1337 2310 τοῖς
1353 2228 1485 2320 Ἕλλησι

236 2342 349 2424 φήμης
374 2341 621 2423 φροντίσασαν,
645 2336 728 2400 ἀλλά
752 2337 835 2422 μηδέ
859 2342 937 2413 τούς
960 2336 1128 2423 ἀδελφούς
1152 2338 1370 2423 φοβηθεῖσαν
1394 2358 1486 2424 περι-

235 2446 351 2516 όντας,
389 2442 423 2500 οῖ
451 2444 616 2524 πρότερον
646 2441 747 2524 αὐτὴν
776 2437 958 2524 ἀφείλοντο
991 2439 1131 2525 Θησέως
1159 2442 1215 2501 καί
1244 2441 1282 2500 ού
1314 2437 1485 2522 περιεῖδον
1505 2447 1524 2500 21

184 2543 494 2627 59άρπασθεῖσαν;
523 2549 621 2602 τούτο
644 2543 704 2619 μέν
733 2542 794 2624 γάρ
820 2545 971 2624 παρόντα
995 2545 1053 2602 τόν
1075 2539 1253 2603 Μενέλαον
1284 2549 1360 2616 πῶς
1382 2551 1485 2604 ταῦτα

235 2643 340 2707 ἔλαθε
363 2648 558 2726 γιγνόμενα,·
588 2651 687 2704 τοῦτο
717 2640 751 2703 δέ
775 2645 923 2717 ἀπόντος
953 2640 1074 2726 ἀνδρός
1103 2648 1241 2724 γυναῖκα
1271 2646 1321 2718 είς
1353 2642 1486 2724 όμιλίαν

234 2749 459 2833 ἀφικνεῖσθαι
489 2743 569 2826 ξένῳ
600 2742 696 2827 ἀνδρί
727 2752 801 2819 πῶς
830 2747 918 2818 εἰκός
949 2738 1058 2827 [τοῦτο
1090 2739 1137 2824 δέ]
1165 2742 1250 2829 μηδὲ
1279 2753 1347 2807 τῶν
1377 2743 1487 2808 ἀλλων

233 2847 360 2934 μηδένα
384 2848 579 2909 αἰσθέσθαι
601 2850 659 2932 την
683 2844 866 2931 ἐπιβουλὴν
889 2848 907 2930 ἢ
933 2848 1162 2925 αἰσθομένους
1179 2849 1319 2930 κρύψαι,
1344 2853 1488 2933 προσέτι

236 2948 271 3011 δὲ
299 2953 358 3035 τήν
381 2949 525 3032 Αἴθραν
554 2951 613 3033 τὴν
636 2957 697 3008 τού
720 2947 861 3032 Θησέως
882 2953 1009 3032 μητέρα
1041 2957 1234 3032 συναπᾶραι
1257 2951 1343 3034 αὐτῇ
1370 2949 1524 3030 αἰχμιΗ

238 3049 344 3113 λιστον
369 3051 489 3125 οδσαν,·
512 3083 554 3092 -
577 3051 614 3110 ού
637 3051 699 3133 γάρ
724 3053 836 3111 ίκανδν
865 3047 904 3133 ἦν
927 3052 1091 3124 Πιτθέως
1117 3051 1288 3134 θνγατέρα
1320 3053 1426 3114 οὖσαν
1454 3055 1487 3114 έν

185 3158 224 3220 60
234 3151 373 3235 Σπάρτῃ
399 3148 576 3227 δουλεύειν,
601 3141 676 3211 ἀλλ’
701 3143 816 3236 ᾑρεῖτο
840 3149 1041 3213 ἀκολουθεῖν
1064 3153 1113 3226 είς
1139 3153 1274 3235 Τροίαν,
1298 3155 1318 3214 ό
1342 3151 1377 3216 δὲ
1398 3147 1486 3215 Ἀλέ-

236 3251 376 3337 ξανδρος
400 3250 507 3327 ἀδεῶς
528 3254 584 3314 καί
606 3255 689 3332 μετά
713 3256 880 3338 τοσαύτης
908 3251 1064 3330 ἐξουσίας
1092 3255 1237 3338 ἔπραττε
1267 3257 1305 3316 τό
1337 3263 1485 3340 πρᾶγμα,

238 3357 323 3416 ὥστε
348 3357 405 3415 ούκ
433 3352 472 3438 ἦν
503 3356 614 3416 ἱκανόν
639 3353 727 3436 αύτῴ
757 3364 816 3440 την
844 3361 981 3438 γυναῖκα
1011 3357 1213 3437 ἀπαγαγεῖν,
1249 3353 1335 3417 ἀλλά
1362 3359 1420 3419 καί
1447 3357 1486 3418 τά

233 3460 387 3542 χρήματα
405 3459 645 3540 προσεπέθετο
664 3490 705 3499 -
720 3459 775 3518 καί
790 3455 874 3541 μηδὲ
891 3459 1129 3543 ἐπαναχθῆναι
1142 3455 1270 3543 μηδένα
1288 3456 1390 3540 αὐτῷ,
1406 3461 1488 3544 μήτε
1507 3465 1524 3516 t

324 3639 391 3694 lul.
411 3642 438 3694 Ε
455 3642 504 3692 641)
514 3654 554 3708 sq.
625 3637 737 3695 2οῖαισ
754 3639 779 3694 V
797 3635 874 3695 οίαισ
892 3640 922 3692 Μ
991 3639 1185 3713 πανροτέροισ
1204 3640 1277 3696 UBT
1357 3635 1489 3708 3έξαλιὶ-

236 3724 413 3791 παξαιΙλΒΜ
463 3727 592 3795 χηραῖσαι
605 3724 659 3777 ΒΜ
711 3724 916 3795 έλέγονσινΜ
970 3714 1100 3781 bolliam
1114 3724 1169 3780 ΠΜ
1186 3741 1242 3780 non
1260 3725 1438 3781 toleratwil.

239 3814 268 3863 10
287 3805 375 3866 ἀλλον
392 3805 499 3866 κάλλον
517 3809 547 3863 Μ
607 3803 790 3875 δπέδειξενῐλ
863 3814 889 3862 11
910 3809 937 3864 εί
953 3803 979 3864 δ’
999 3800 1050 3865 οὖν
1069 3801 1144 3866 οίίτω
1162 3811 1226 3874 (vel-
1245 3815 1298 3877 ωσ)
1317 3801 1383 3866 παίσ
1401 3829 1489 3880 φασιν

234 3895 307 3959 libri,
327 3909 396 3948 corr.
415 3895 524 3948 Geelius
610 3890 748 3964 τοῖσγὰρ
766 3893 840 3957 libri,
858 3888 914 3965 γὰρ
932 3893 983 3949 del.
1003 3911 1019 3948 v
1106 3897 1136 3947 13
1154 3891 1375 3965 έξαμαρταῖντεσ
1396 3895 1420 3948 Τ

237 3980 371 4050 11μηόέν
393 3983 528 4035 τοιοῦτον
552 3977 598 4031 ΒΤ
685 3984 747 4046 post
771 3968 878 4035 ἅλωσιν
896 3979 1010 4044 Reiske‚
1032 3983 1095 4032 unte
1119 3982 1221 4035 πολλοὶ
1239 3979 1339 4034 Kuibel
1361 3981 1488 4035 lacunam

235 4065 329 4117 statuit
401 4069 429 4118 17
449 4063 584 4134 <φυγιῖν>
602 4062 736 4131 supplevit
754 4063 852 4118 Reiske
935 4067 963 4117 18
981 4072 1048 4120 τοῑσ
1065 4078 1114 4130 pro
1132 4064 1225 4132 τῆσΒ
1297 4069 1329 4119 19
1348 4067 1489 4138 φροτίσα-

235 4150 331 4203 ‹5qu
427 4154 458 4203 211
478 4146 635 4220 ἀφείλαντο
654 4148 680 4202 V
696 4151 776 4214 (corr.
800 4149 882 4215 vulg.)
904 4141 1045 4216 ἀφίλαντο
1070 4147 1099 4201 Μ
1184 4150 1315 4221 περιίόον
1340 4149 1421 4205 UBM

235 4237 265 4286 21
286 4228 488 4305 ἁρπασθεῖσαν
506 4235 580 4298 wil,
599 4227 808 4305 ἀφαιρεθεῖσαν
825 4232 923 4287 VUBT
941 4226 1136 4306 ἀφερεθεῖσαν
1154 4233 1184 4287 Μ
1240 4229 1303 4291 τὸν*
1314 4234 1488 4292 Μενίλεωλ1

234 4315 287 4371 τὸν
312 4319 463 4375 Μενέλεων
488 4320 570 4374 ceteri
657 4323 689 4371 22
714 4315 748 4375 τὰ
767 4312 922 4389 γιγνόμενα
941 4318 1022 4374 UVM
1109 4322 1141 4373 23
1159 4322 1245 4376 τοῦτο
1270 4320 1301 4378 δέ
1318 4321 1421 4376 seclusi

235 4405 266 4453 25
286 4395 372 4473 αὐτὴν
388 4404 435 4457 UB
505 4408 537 4457 26
557 4398 590 4460 ού
608 4399 664 4476 γὰρ
682 4394 717 4473 ἦν
735 4397 835 4459 ίκανδν
854 4401 901 4456 UT
980 4402 1113 4460 Πιτθέωσ
1129 4403 1275 4477 θυγατέρα
1293 4405 1350 4460 VM
1369 4403 1487 4477 Θησέωσ

233 4487 341 4557 μητέρα
361 4490 443 4541 ceteri
513 4493 544 4543 27
564 4482 636 4546 ἀλλά
655 4488 758 4543 UBMT
