3068 5160
544 366 680 423 omino
700 366 829 422 xxxin.
1250 372 1309 433 307

56 545 185 627 ύπήρχε
207 545 347 626 τοιαύτη
371 540 483 619 πόλις,
508 543 594 603 ὣστε
618 544 672 604 ἀεὶ
694 544 912 627 θρηνούντων
935 546 970 606 ἐν
994 546 1077 630 αὐτῇ
1100 547 1233 608 ἀκούειν
1255 551 1311 610 καί

57 641 185 728 μηδένα
210 640 382 706 δύνασθαι
406 641 481 723 δίχα
504 653 564 729 της
587 641 782 728 δυσφημίας
804 648 928 730 ταύτης
947 644 1133 728 προελθεῖν
1147 646 1232 733 μηδὲ
1249 643 1308 711 ἐπ’

59 745 189 829 ἀλίγον,
219 749 306 829 πρὸς
328 753 390 807 τού
408 747 495 819 Διδς
517 747 610 808 ἐστιν
632 749 727 819 ὅστις
749 747 790 807 ἀν
811 743 919 831 ήδέιος
941 746 1170 834 ἐπεδήμησεν,·
1198 754 1311 814 καίτοι

58 851 97 911 τὸ
120 851 181 928 μὲν
199 849 350 932 θρηνεῖν,
374 850 421 922 ὡς
443 849 484 909 ἀν
508 846 604 909 εἴποι
625 868 687 924 τις,
711 849 850 927 ἀτυχίας
865 850 938 911 ἐστί
954 856 1102 933 σημεῖον,
1125 855 1163 913 τδ
1181 851 1217 915 δὲ
1239 875 1308 917 τοι·

20 959 157 1013 ύοῦτον
181 951 428 1029 ἀναισχυντίας,
452 947 629 1030 ἀσελγείας
651 959 711 1035 της
733 952 884 1035 ἐσχάτης.
923 952 1039 1014 οὐκοῦν
1063 955 1151 1028 είκδς
1173 957 1208 1016 ἐν
1232 953 1309 1017 δυσ·

58 1046 174 1131 ταχέσι
194 1049 322 1130 μᾶλλον
345 1053 549 1136 ἀνθρώποις
571 1049 706 1114 ἐθέλειν
730 1048 915 1136 διατρίβειν
943 1054 963 1137 ή
988 1052 1198 1130 ἀκολάστοις.
1243 1059 1307 1138 ἐγὼ

57 1157 119 1235 μέν
141 1155 203 1238 γάρ
228 1155 285 1214 οὐκ
307 1156 348 1216 ἀν
375 1152 512 1237 ἑλοίμην
542 1156 675 1216 ἀκούειν
705 1151 781 1215 οὐδὲ
805 1151 994 1216 αὐλούντων
1024 1153 1199 1240 διηνεκῶς·
1229 1153 1305 1221 ἀλλ’

58 1256 94 1320 εἴ
111 1278 164 1331 τις
186 1258 260 1318 ἐστι
282 1265 436 1330 τοιοῦτος
458 1260 582 1334 τύπος,
611 1259 646 1318 ἐν
676 1247 704 1338 ᾦ
728 1257 864 1340 συνεχής
892 1257 985 1317 ἐστιν
1006 1254 1087 1340 ἦχος
1109 1259 1177 1322 εἴτε
1200 1259 1309 1323 αὐλῶν

58 1357 127 1420 εἴτε
157 1349 246 1442 ᾠδῆς
276 1356 343 1419 εἴτε
371 1360 536 1443 κιθάρας,
567 1359 639 1420 οἷον
669 1357 708 1442 δή
741 1375 828 1443 φασι
856 1360 914 1418 τδν
942 1366 1009 1420 τῶν
1030 1362 1199 1445 Σειρήνων
1222 1362 1310 1425 εἶναι

10 1468 36 1518 10
59 1457 224 1521 σκόπελον
247 1460 300 1521 ἀεί
322 1457 587 1542 μελῳδούμενον,
611 1462 668 1521 οὐκ
683 1462 723 1522 ἀν
740 1457 903 1544 δυναίμην
917 1462 1026 1522 ἐκεῖσε
1040 1459 1154 1524 ἐλθὼν
1171 1460 1308 1544 διάγειν.

58 1564 116 1624 τδν
139 1559 176 1623 δέ
197 1581 233 1643 γε
256 1564 373 1646 ἀγριον
394 1570 514 1624 τοῦτον
535 1565 592 1624 καί
609 1559 760 1641 χαλεπὸν
782 1557 861 1644 ἦχον
883 1563 936 1636 τίς
958 1563 999 1624 ἀν
1021 1568 1158 1648 μέτριος
1174 1567 1309 1649 ἀνθρω·
1319 1571 1360 1634 36

58 1683 126 1738 πος
154 1666 386 1744 ύπομείνειεν,·
415 1657 491 1726 ἀλλ’
523 1666 581 1726 ἐὰν
610 1669 671 1744 μέν
698 1685 752 1738 τις
780 1663 902 1749 οἴκημα
931 1666 1066 1749 παριὼν
1095 1667 1220 1751 ἀκούσῃ
1249 1676 1312 1729 τού

58 1770 224 1842 τοιούτου,
248 1763 347 1852 δῆλον
370 1769 423 1828 δτι
447 1768 550 1851 φήσει
569 1770 818 1845 χαμαιτυπεῖον
841 1767 921 1826 αὐτδ
937 1764 1035 1828 εἶναι.
1073 1770 1132 1852 τήν
1149 1765 1184 1830 δέ
1208 1766 1310 1831 πάλιν

58 1871 92 1931 τί
115 1871 298 1954 φήσουσιν,
328 1858 407 1951 ἕνῇ
436 1874 610 1945 πανταχοῦ
640 1863 756 1944 σχεδον
779 1866 828 1940 εἷς
849 1868 1031 1950 ἐπικρατεῖ
1057 1870 1225 1952 φθόγγος,
1254 1872 1311 1932 καί

10 1979 35 2030 15
58 1971 133 2033 οὐτε
160 1974 277 2054 καιρὸν
302 1970 377 2030 οὐτε
403 1973 529 2051 ήμέραν
553 1968 629 2028 οὐτε
651 1970 758 2028 τόπον
781 1964 952 2050 ἐξαίρετον
976 1967 1095 2030 οὐδένα
1119 1977 1309 2048 ποιοῦνται,

57 2066 133 2134 ἀλλ’
151 2076 185 2135 ἐν
204 2076 402 2146 στενωποῖς,
425 2073 461 2131 ἐν
478 2071 611 2144 οἰκίαις,
635 2070 669 2129 έν
686 2069 834 2152 ἀγοραῖς,
858 2071 952 2153 παρὰ
968 2073 1006 2132 τδ
1022 2072 1181 2154 θέατρον,
1205 2073 1240 2132 ἐν
1262 2069 1309 2153 τῴ

56 2176 227 2257 γυμνασίῳ
254 2172 449 2235 δυναστεύει
471 2173 509 2232 τὸ
527 2178 666 2254 πρᾶγμα
672 2192 684 2244 ,·
705 2173 761 2232 καί
777 2168 958 2246 αὐλοῦντος
972 2175 1033 2253 μὲν
1049 2175 1158 2234 ἐωθεν
1176 2170 1311 2248 οὐδενὸς

57 2279 181 2362 ἀκήκοα
205 2277 268 2358 ἐγὼ
292 2279 390 2356 μέχρι
412 2280 469 2334 νύν
491 2275 526 2334 ἐν
549 2280 590 2356 τῇ
613 2269 723 2349 πόλει,
745 2280 845 2333 τοῦτο
869 2271 904 2334 δὲ
927 2277 966 2336 τὸ
989 2276 1191 2354 θαυμαστὸν
1208 2273 1311 2355 μέλος

57 2381 162 2453 εὐθὺς
185 2381 253 2456 ἅμα
276 2385 317 2460 τῇ
339 2379 447 2460 ήμέρῳ
468 2379 621 2436 κινεῖται.
721 2377 834 2436 καίτοι
855 2396 897 2455 με
921 2376 958 2436 οὐ
983 2373 1126 2462 λέληθεν
1149 2381 1202 2440 ύτι
1225 2377 1309 2453 ἴσως
1320 2384 1359 2446 37

10 2489 34 2538 io
56 2484 146 2554 τινές
170 2477 281 2563 ληρεῖν
304 2499 345 2558 με
368 2473 544 2558 νομίζουσι
566 2477 607 2537 τά
630 2484 771 2537 τοιαῦτα
787 2472 994 2554 ἐξετάζοντα,
1017 2480 1073 2540 καί
1095 2477 1199 2563 μηδὲν
1222 2478 1310 2542 εἶναι

59 2582 153 2664 παρά
177 2588 286 2657 τοῦτο,
308 2583 412 2660 μόνον
434 2569 474 2641 ἀν
497 2580 538 2640 τά
563 2576 688 2657 λάχανα
712 2575 859 2658 ἀμάξαις
881 2581 1061 2663 εἰσφέρητε
1082 2582 1139 2642 καί
1161 2579 1310 2656 πολλούς

58 2685 181 2765 άρτους
202 2683 356 2768 θεωρῆτε
378 2683 412 2742 ἐν
435 2681 482 2763 τῳ
505 2686 597 2762 μέσῳ
620 2682 736 2741 καὶτὸ
760 2683 898 2763 τάριχος
920 2673 939 2763 ῃ
963 2683 1020 2741 καὶ
1041 2681 1082 2741 τά
1105 2686 1194 2764 κρέα.
1235 2701 1309 2743 σκο-

57 2787 212 2845 πούντων
237 2780 272 2844 δέ
295 2786 386 2862 ὅμως
409 2784 505 2844 αὐτοί
527 2785 565 2844 τύ
593 2788 729 2866 πρᾶγμα
759 2783 874 2855 ούτως.
921 2781 956 2843 εἴ
980 2803 1033 2856 τις
1061 2784 1170 2844 αὐτῶν
1200 2802 1309 2866 παρα-

56 2891 187 2967 γένοιτο
204 2887 252 2960 είς
269 2883 380 2961 πάλιν,
404 2887 438 2945 ἐν
454 2875 476 2967 ᾗ
492 2887 618 2957 πάντες
634 2886 698 2959 ύ,τι
713 2871 753 2944 ἀν
773 2881 950 2945 δεικνύωσι
973 2882 1019 2964 τῳ
1042 2889 1134 2966 μέσῳ
1159 2882 1308 2967 δακτύλῳ

10 2999 33 3049 25
57 2986 262 3065 δεικνύουσι,
283 2976 344 3048 κάν
368 2984 481 3063 δεξιάν
504 2981 652 3067 ἐμβάλλῃ
675 3005 737 3061 τις,
762 2987 869 3059 ούτως
890 2983 1041 3065 ἐνέβαλε,
1064 2975 1125 3048 κάν
1149 2989 1309 3072 προτείνῃ

56 3094 115 3176 τήν
135 3097 231 3174 χεῖρα
257 3093 378 3166 ούτιος,
406 3077 468 3150 κάν
492 3089 510 3147 δ
533 3085 638 3172 δήμος
657 3095 895 3171 χειροτονῶσι,
924 3077 985 3149 κάν
1015 3091 1048 3149 oi
1071 3086 1228 3152 δικασταί
1250 3092 1310 3176 τήν

56 3202 176 3279 ψῆφον
200 3197 347 3278 φέρωσι,
376 3193 481 3253 ποίαν
508 3189 582 3250 τινά
606 3189 790 3272 ήγήσονται
811 3191 871 3274 τήν
895 3187 996 3250 πόλιν
1018 3193 1161 3275 ταύτην;
1190 3193 1248 3254 ἐὰν
1273 3190 1309 3254 δέ

56 3299 304 3380 ἀνασυράμενοι
327 3297 452 3367 πάντες
474 3288 675 3373 βαδίζωσιν,
706 3293 821 3374 ὥσπερ
851 3292 886 3352 ἐν
910 3287 1025 3375 λίμνῃ,
1052 3285 1129 3376 [ἆρα
1158 3295 1309 3376 ἀγνοεῖτε
1320 3297 1360 3362 38

56 3401 110 3459 ὅτι
132 3390 227 3459 ταῦτ)
253 3399 325 3458 ἐστὶ
339 3397 380 3457 τοὶ
396 3387 480 3456 καθ)
501 3397 593 3473 ὐμῶν
610 3395 767 3479 ἀφορμήν
784 3390 952 3454 δεδωκότα
968 3391 1198 3478 βλασφημίας,
1223 3398 1310 3458 ὥστε

10 3497 204 3584 λύδημοσίηι
231 3500 316 3560 κατά
345 3507 404 3583 της
434 3494 567 3570 πόλεως
596 3497 682 3574 ἔχειν
712 3497 776 3571 ύ,τι
800 3491 923 3576 λέγωσι
944 3497 1023 3568 τούς
1046 3497 1210 3574 ἀπεχθῶς
1231 3500 1309 3577 ύμῖν

57 3599 305 3681 διακειμένους,·
328 3597 412 3660 ἀλλά
436 3600 548 3659 πόθεν
570 3598 631 3671 τὰς
645 3594 799 3680 κερκίδας
814 3598 891 3676 ύμῖν
907 3598 1096 3677 ἐπιβοῶσιν
1103 3619 1115 3672 ;
1135 3600 1248 3660 καίτοι
1271 3599 1311 3659 ού

143 3773 155 3822 1
175 3767 264 3820 malim
282 3757 397 3822 ἀκούειν
414 3759 521 3833 (εἶναι)
620 3767 635 3816 2
654 3762 814 3830 δυσθυμίασ
831 3761 905 3816 ΠΒΤ
1009 3767 1024 3816 3
1042 3759 1199 3835 ἐπεδήμησε
1217 3764 1241 3818 Τ

55 3849 183 3909 6ἐθέλει
200 3851 250 3907 ΠΒ
339 3856 368 3903 10
386 3846 591 3906 σκάπελλονΠ
662 3851 693 3900 12
710 3841 920 3916 ὐπομένειενΤ
1013 3852 1043 3902 15
1062 3853 1195 3906 πιοῦνται
1212 3850 1242 3903 Μ

57 3943 87 3991 11
106 3930 252 3994 ἀλοῦντοσ
269 3935 294 3991 U
312 3931 441 3992 ἀλόντοσ
458 3935 489 3988 Μ
578 3938 607 3988 19
625 3942 760 3989 κεινεῖται
777 3930 808 3985 Μ
888 3935 919 3984 21
946 3931 1051 4003 φέρητε
1068 3933 1117 3988 UT
1186 3937 1218 3988 22
1236 3939 1309 3990 θεω-

56 4031 132 4094 ρεῖτε
149 4020 200 4077 ΠΤ
307 4016 444 4092 τάρειχοσ
461 4016 479 4091 ἢ
496 4019 526 4072 Μ
620 4012 654 4074 τὸ
673 4013 791 4088 τάριχος
808 4012 926 4085 (ἀξιον)
944 4007 962 4086 ᾖ
979 4016 1080 4072 Reiske
1096 4018 1229 4088 probante
1246 4018 1310 4072 Em-

55 4108 131 4175 perio
202 4109 233 4159 25
252 4101 379 4178 ἐμβάλλῃ
397 4126 439 4171 τις
452 4104 561 4169 Reiske,
578 4095 688 4175 ἐμβάλῃ
706 4120 752 4158 τισ
763 4102 837 4157 ΠΒΤ
855 4099 991 4172 ἐμβαλεῖν
1008 4105 1069 4166 (om.
1088 4109 1143 4169 τισ)
1156 4104 1195 4172 Μ,
1214 4093 1310 4160 οὐτωσ

56 4185 176 4262 ἐνέβαλε
191 4206 242 4246 om.
261 4191 291 4244 M
376 4195 409 4244 26
429 4181 520 4256 οὕτως
538 4189 647 4254 Reium,
665 4178 741 4252 δλως
757 4186 820 4240 libri
906 4189 938 4240 28
961 4180 1173 4259 ἀνασυράμενοι
1191 4187 1241 4244 UT

55 4277 222 4349 βαδίζουσιν
239 4276 263 4329 Β
354 4275 437 4331 verbu
454 4266 512 4348 ἀρα
530 4273 708 4345 ἀγνοεῖτε-
720 4264 803 4328 αὐτοί
820 4279 930 4328 ποιεῖτε
950 4271 1022 4326 fuluo
1039 4272 1100 4328 loco
1117 4273 1219 4328 inserta
1236 4277 1309 4328 eunt.

55 4363 256 4428 interrumpunt
273 4361 343 4416 enim
366 4360 551 4429 prodigiorum
569 4373 586 4412 a
603 4357 690 4411 Dione
707 4355 833 4410 fictorum
856 4356 1096 4412 enumerationem.
1131 4357 1197 4411 mihi
1210 4351 1311 4413 ‘altera

54 4437 188 4502 recensio'
205 4444 329 4501 videntur
340 4460 433 4500 eorum
451 4459 520 4514 quoe
536 4444 554 4498 l.
570 4447 601 4498 19
613 4443 710 4498 καίτοι
722 4470 755 4479 -
767 4443 800 4493 22
817 4439 889 4511 κρέα
906 4441 1032 4510 leguntur
1100 4447 1132 4497 31
1150 4439 1218 4514 ἡμῖν
1236 4443 1259 4498 Τ

54 4531 196 4606 ἐπιβοῶσι
213 4530 264 4587 ΠΤ
334 4535 382 4588 καί
400 4523 435 4588 οὐ
452 4529 522 4593 libri,
540 4544 609 4584 corr.
628 4525 728 4582 Reiske

1054 4617 1107 4667 20*
