<?xml version="1.0" encoding="UTF-8"?>
<!DOCTYPE html PUBLIC "-//W3C//DTD XHTML 1.0 Transitional//EN"
    "http://www.w3.org/TR/xhtml1/DTD/xhtml1-transitional.dtd">
<html xmlns="http://www.w3.org/1999/xhtml" xml:lang="en" lang="en">
 <head>
  <title>
</title>
<meta http-equiv="Content-Type" content="text/html;charset=utf-8" />
  <meta name='ocr-system' content='tesseract 3.04.00' />
  <meta name='ocr-capabilities' content='ocr_page ocr_carea ocr_par ocr_line ocrx_word'/>
</head>
<body>
  <div class='ocr_page' id='page_1' title='image "./quaeexstantomni00diogoog_0207.png"; bbox 0 0 3068 5160; ppageno 0'>
   <div class='ocr_carea' id='block_1_1' title="bbox 651 341 1380 401">
    <p class='ocr_par' dir='ltr' id='par_1_1' title="bbox 651 341 1380 401">
     <span class='ocr_line' id='line_1_1' title="bbox 651 341 1380 401; baseline 0.001 -3"><span class='ocrx_word' id='word_1_1' title='bbox 651 341 788 398; x_wconf 86' lang='lat' dir='ltr'><strong>ORATIO</strong></span> <span class='ocrx_word' id='word_1_2' title='bbox 806 341 867 396; x_wconf 85' lang='lat' dir='ltr'>XII.</span> <span class='ocrx_word' id='word_1_3' title='bbox 1321 342 1380 401; x_wconf 83' lang='lat'><em>157</em></span> 
     </span>
    </p>
   </div>
   <div class='ocr_carea' id='block_1_2' title="bbox 22 515 1432 1826">
    <p class='ocr_par' dir='ltr' id='par_1_2' title="bbox 22 515 1432 1826">
     <span class='ocr_line' id='line_1_2' title="bbox 122 515 1378 604; baseline -0.002 -24"><span class='ocrx_word' id='word_1_4' title='bbox 122 520 179 581; x_wconf 86' lang='grc' dir='ltr'><em>καί</em></span> <span class='ocrx_word' id='word_1_5' title='bbox 195 515 251 580; x_wconf 86' lang='grc' dir='ltr'><em>διά</em></span> <span class='ocrx_word' id='word_1_6' title='bbox 267 525 376 594; x_wconf 83' lang='grc' dir='ltr'><em>τοῦτο,</em></span> <span class='ocrx_word' id='word_1_7' title='bbox 400 520 487 580; x_wconf 85' lang='grc' dir='ltr'><em>ἐπὰν</em></span> <span class='ocrx_word' id='word_1_8' title='bbox 504 527 605 604; x_wconf 82' lang='grc' dir='ltr'><em>φανῇ,</em></span> <span class='ocrx_word' id='word_1_9' title='bbox 622 521 802 602; x_wconf 74' lang='grc' dir='ltr'><em>πρόσεισιν</em></span> <span class='ocrx_word' id='word_1_10' title='bbox 818 521 865 592; x_wconf 82' lang='grc' dir='ltr'><em>ὡς</em></span> <span class='ocrx_word' id='word_1_11' title='bbox 881 520 967 601; x_wconf 89' lang='grc' dir='ltr'><em>πρός</em></span> <span class='ocrx_word' id='word_1_12' title='bbox 984 519 1118 580; x_wconf 85' lang='grc' dir='ltr'><em>ἅπαντα</em></span> <span class='ocrx_word' id='word_1_13' title='bbox 1134 520 1378 602; x_wconf 74' lang='grc' dir='ltr'><em>ἐπισταμένην·</em></span> 
     </span>
     <span class='ocr_line' id='line_1_3' title="bbox 124 612 1417 706; baseline 0.003 -24"><span class='ocrx_word' id='word_1_14' title='bbox 124 625 143 706; x_wconf 80' lang='grc' dir='ltr'><em>η</em></span> <span class='ocrx_word' id='word_1_15' title='bbox 170 618 205 682; x_wconf 82' lang='grc' dir='ltr'><em>δέ</em></span> <span class='ocrx_word' id='word_1_16' title='bbox 230 618 449 702; x_wconf 77' lang='grc' dir='ltr'><em>συμβουλεύει</em></span> <span class='ocrx_word' id='word_1_17' title='bbox 470 623 531 701; x_wconf 77' lang='grc' dir='ltr'><em>μέν</em></span> <span class='ocrx_word' id='word_1_18' title='bbox 555 612 671 695; x_wconf 76' lang='grc' dir='ltr'><em>αὐτοῖς</em></span> <span class='ocrx_word' id='word_1_19' title='bbox 695 613 792 682; x_wconf 81' lang='grc' dir='ltr'><em>ου’δὲν</em></span> <span class='ocrx_word' id='word_1_20' title='bbox 815 621 875 696; x_wconf 86' lang='grc' dir='ltr'><em>ἔτι,</em></span> <span class='ocrx_word' id='word_1_21' title='bbox 900 616 1057 703; x_wconf 75' lang='grc' dir='ltr'><em>ὀδύρεται</em></span> <span class='ocrx_word' id='word_1_22' title='bbox 1080 617 1115 680; x_wconf 84' lang='grc' dir='ltr'><em>δέ</em></span> <span class='ocrx_word' id='word_1_23' title='bbox 1138 623 1251 699; x_wconf 88' lang='grc' dir='ltr'><em>μόνον.</em></span> <span class='ocrx_word' id='word_1_24' title='bbox 1298 619 1417 695; x_wconf 88' lang='grc' dir='ltr'><em>ἴσως9</em></span> 
     </span>
     <span class='ocr_line' id='line_1_4' title="bbox 126 718 1382 808; baseline 0.002 -26"><span class='ocrx_word' id='word_1_25' title='bbox 126 722 184 783; x_wconf 84' lang='grc' dir='ltr'><em>ούν</em></span> <span class='ocrx_word' id='word_1_26' title='bbox 214 720 449 808; x_wconf 82' lang='grc' dir='ltr'><em>παρειλήφατε</em></span> <span class='ocrx_word' id='word_1_27' title='bbox 478 725 573 802; x_wconf 86' lang='grc' dir='ltr'><em>ύμεῐς</em></span> <span class='ocrx_word' id='word_1_28' title='bbox 603 720 701 804; x_wconf 91' lang='grc' dir='ltr'><em>λόγον</em></span> <span class='ocrx_word' id='word_1_29' title='bbox 723 723 799 784; x_wconf 89' lang='grc' dir='ltr'><em>τινά</em></span> <span class='ocrx_word' id='word_1_30' title='bbox 822 719 935 806; x_wconf 79' lang='grc' dir='ltr'><em>ἀληθῆ</em></span> <span class='ocrx_word' id='word_1_31' title='bbox 958 723 1014 782; x_wconf 84' lang='grc' dir='ltr'><em>καὶ</em></span> <span class='ocrx_word' id='word_1_32' title='bbox 1044 718 1231 807; x_wconf 75' lang='grc' dir='ltr'><em>ξυμβουλὴν</em></span> <span class='ocrx_word' id='word_1_33' title='bbox 1255 727 1382 807; x_wconf 88' lang='grc' dir='ltr'><em>συμφέ-</em></span> 
     </span>
     <span class='ocr_line' id='line_1_5' title="bbox 127 816 1381 910; baseline 0.002 -27"><span class='ocrx_word' id='word_1_34' title='bbox 127 841 262 907; x_wconf 91' lang='grc' dir='ltr'><em>ρουσαν,</em></span> <span class='ocrx_word' id='word_1_35' title='bbox 285 826 401 908; x_wconf 72' lang='grc' dir='ltr'><em>ἥντινα</em></span> <span class='ocrx_word' id='word_1_36' title='bbox 418 821 654 906; x_wconf 76' lang='grc' dir='ltr'><em>ξυνεβούλευσε</em></span> <span class='ocrx_word' id='word_1_37' title='bbox 671 822 863 910; x_wconf 79' lang='grc' dir='ltr'><em>φιλοσοφία</em></span> <span class='ocrx_word' id='word_1_38' title='bbox 879 827 952 896; x_wconf 86' lang='grc' dir='ltr'><em>τοῖς</em></span> <span class='ocrx_word' id='word_1_39' title='bbox 970 825 1135 907; x_wconf 89' lang='grc' dir='ltr'><em>πρότερον</em></span> <span class='ocrx_word' id='word_1_40' title='bbox 1151 816 1317 908; x_wconf 88' lang='grc' dir='ltr'><em>Ἕλλησιν,</em></span> <span class='ocrx_word' id='word_1_41' title='bbox 1342 825 1381 908; x_wconf 79' lang='grc' dir='ltr'><em>ἢν</em></span> 
     </span>
     <span class='ocr_line' id='line_1_6' title="bbox 52 922 1383 1012; baseline 0.004 -29"><span class='ocrx_word' id='word_1_42' title='bbox 52 930 54 934; x_wconf 81' lang='grc'>’</span> <span class='ocrx_word' id='word_1_43' title='bbox 88 935 102 982; x_wconf 80' lang='lat'>5</span> <span class='ocrx_word' id='word_1_44' title='bbox 127 927 160 985; x_wconf 86' lang='grc' dir='ltr'><em>οἱ</em></span> <span class='ocrx_word' id='word_1_45' title='bbox 175 927 250 987; x_wconf 89' lang='grc' dir='ltr'><em>τότε</em></span> <span class='ocrx_word' id='word_1_46' title='bbox 265 929 325 1005; x_wconf 79' lang='grc' dir='ltr'><em>μέν</em></span> <span class='ocrx_word' id='word_1_47' title='bbox 348 931 514 1012; x_wconf 77' lang='grc' dir='ltr'><em>ἠγνόησαν</em></span> <span class='ocrx_word' id='word_1_48' title='bbox 535 928 592 989; x_wconf 82' lang='grc' dir='ltr'><em>καὶ</em></span> <span class='ocrx_word' id='word_1_49' title='bbox 613 928 791 1011; x_wconf 85' lang='grc' dir='ltr'><em>ητίμασαν,</em></span> <span class='ocrx_word' id='word_1_50' title='bbox 817 927 850 987; x_wconf 84' lang='grc' dir='ltr'><em>οἱ</em></span> <span class='ocrx_word' id='word_1_51' title='bbox 873 922 908 986; x_wconf 83' lang='grc' dir='ltr'><em>δὲ</em></span> <span class='ocrx_word' id='word_1_52' title='bbox 924 932 980 986; x_wconf 81' lang='grc' dir='ltr'><em>νῦν</em></span> <span class='ocrx_word' id='word_1_53' title='bbox 996 926 1311 1009; x_wconf 75' lang='grc' dir='ltr'><em>ὑπομιμνήσκονται</em></span> <span class='ocrx_word' id='word_1_54' title='bbox 1325 929 1383 988; x_wconf 92' lang='grc' dir='ltr'><em>καί</em></span> 
     </span>
     <span class='ocr_line' id='line_1_7' title="bbox 124 1024 1381 1114; baseline 0.002 -26"><span class='ocrx_word' id='word_1_55' title='bbox 124 1046 186 1106; x_wconf 92' lang='grc' dir='ltr'><em>μοι</em></span> <span class='ocrx_word' id='word_1_56' title='bbox 198 1030 364 1111; x_wconf 76' lang='grc' dir='ltr'><em>προσίασι</em></span> <span class='ocrx_word' id='word_1_57' title='bbox 377 1026 433 1090; x_wconf 87' lang='grc' dir='ltr'><em>διύ</em></span> <span class='ocrx_word' id='word_1_58' title='bbox 445 1031 483 1090; x_wconf 90' lang='grc' dir='ltr'><em>τό</em></span> <span class='ocrx_word' id='word_1_59' title='bbox 500 1037 618 1114; x_wconf 84' lang='grc' dir='ltr'><em>σχῆμα,</em></span> <span class='ocrx_word' id='word_1_60' title='bbox 637 1026 847 1114; x_wconf 74' lang='grc' dir='ltr'><em>φιλοσοφίαν</em></span> <span class='ocrx_word' id='word_1_61' title='bbox 866 1035 1030 1107; x_wconf 89' lang='grc' dir='ltr'><em>τιμῶντες</em></span> <span class='ocrx_word' id='word_1_62' title='bbox 1051 1029 1167 1110; x_wconf 85' lang='grc' dir='ltr'><em>ὥσπερ</em></span> <span class='ocrx_word' id='word_1_63' title='bbox 1183 1029 1243 1112; x_wconf 84' lang='grc' dir='ltr'><em>την</em></span> <span class='ocrx_word' id='word_1_64' title='bbox 1257 1024 1381 1108; x_wconf 83' lang='grc' dir='ltr'><em>γλαῦκα</em></span> 
     </span>
     <span class='ocr_line' id='line_1_8' title="bbox 127 1128 1381 1215; baseline 0.002 -27"><span class='ocrx_word' id='word_1_65' title='bbox 127 1130 266 1213; x_wconf 89' lang='grc' dir='ltr'><em>ἀφωνον</em></span> <span class='ocrx_word' id='word_1_66' title='bbox 288 1128 327 1191; x_wconf 90' lang='grc' dir='ltr'><em>τό</em></span> <span class='ocrx_word' id='word_1_67' title='bbox 350 1150 386 1212; x_wconf 90' lang='grc' dir='ltr'><em>γε</em></span> <span class='ocrx_word' id='word_1_68' title='bbox 409 1128 538 1215; x_wconf 86' lang='grc' dir='ltr'><em>ἀληθὲς</em></span> <span class='ocrx_word' id='word_1_69' title='bbox 560 1133 617 1193; x_wconf 84' lang='grc' dir='ltr'><em>καί</em></span> <span class='ocrx_word' id='word_1_70' title='bbox 639 1132 919 1215; x_wconf 80' lang='grc' dir='ltr'><em>ἀπαρρησίαστον</em></span> <span class='ocrx_word' id='word_1_71' title='bbox 944 1130 1055 1191; x_wconf 78' lang='grc' dir='ltr'><em>οὖσαν.</em></span> <span class='ocrx_word' id='word_1_72' title='bbox 1150 1130 1214 1210; x_wconf 84' lang='grc' dir='ltr'><em>ἐγὼ</em></span> <span class='ocrx_word' id='word_1_73' title='bbox 1236 1131 1381 1214; x_wconf 84' lang='grc' dir='ltr'><em>μὲνγὰρ</em></span> 
     </span>
     <span class='ocr_line' id='line_1_9' title="bbox 22 1221 1382 1317; baseline 0.001 -24"><span class='ocrx_word' id='word_1_74' title='bbox 22 1221 224 1296; x_wconf 52' lang='lat' dir='ltr'><em>&lt;mmmmm</em></span> <span class='ocrx_word' id='word_1_75' title='bbox 255 1231 346 1313; x_wconf 70' lang='grc' dir='ltr'><em>αὑτηί</em></span> <span class='ocrx_word' id='word_1_76' title='bbox 375 1229 511 1308; x_wconf 84' lang='grc' dir='ltr'><em>ξύνοιδα</em></span> <span class='ocrx_word' id='word_1_77' title='bbox 542 1234 617 1295; x_wconf 90' lang='grc' dir='ltr'><em>ούτε</em></span> <span class='ocrx_word' id='word_1_78' title='bbox 647 1229 814 1317; x_wconf 90' lang='grc' dir='ltr'><em>πρότερον</em></span> <span class='ocrx_word' id='word_1_79' title='bbox 842 1234 976 1294; x_wconf 84' lang='grc' dir='ltr'><em>εἰπόντι</em></span> <span class='ocrx_word' id='word_1_80' title='bbox 1007 1228 1158 1316; x_wconf 79' lang='grc' dir='ltr'><em>σπουδῆς</em></span> <span class='ocrx_word' id='word_1_81' title='bbox 1187 1227 1283 1308; x_wconf 82' lang='grc' dir='ltr'><em>ἀξιον</em></span> <span class='ocrx_word' id='word_1_82' title='bbox 1307 1233 1382 1294; x_wconf 89' lang='grc' dir='ltr'><em>ούτε</em></span> 
     </span>
     <span class='ocr_line' id='line_1_10' title="bbox 123 1331 1432 1418; baseline 0.005 -24"><span class='ocrx_word' id='word_1_83' title='bbox 123 1341 180 1395; x_wconf 85' lang='grc' dir='ltr'><em>νύν</em></span> <span class='ocrx_word' id='word_1_84' title='bbox 196 1335 411 1415; x_wconf 81' lang='grc' dir='ltr'><em>ἐπισταμένῳ</em></span> <span class='ocrx_word' id='word_1_85' title='bbox 429 1331 534 1395; x_wconf 84' lang='grc' dir='ltr'><em>πλέον</em></span> <span class='ocrx_word' id='word_1_86' title='bbox 548 1337 650 1414; x_wconf 83' lang='grc' dir='ltr'><em>ὑμῶν.</em></span> <span class='ocrx_word' id='word_1_87' title='bbox 688 1331 772 1395; x_wconf 87' lang='grc' dir='ltr'><em>ἀλλά</em></span> <span class='ocrx_word' id='word_1_88' title='bbox 788 1335 874 1396; x_wconf 81' lang='grc' dir='ltr'><em>εἰσίν</em></span> <span class='ocrx_word' id='word_1_89' title='bbox 890 1337 1000 1418; x_wconf 89' lang='grc' dir='ltr'><em>έτεροι</em></span> <span class='ocrx_word' id='word_1_90' title='bbox 1017 1335 1122 1418; x_wconf 85' lang='grc' dir='ltr'><em>σοφοί</em></span> <span class='ocrx_word' id='word_1_91' title='bbox 1142 1334 1199 1394; x_wconf 86' lang='grc' dir='ltr'><em>καί</em></span> <span class='ocrx_word' id='word_1_92' title='bbox 1220 1331 1382 1417; x_wconf 87' lang='grc' dir='ltr'><em>μακάριοι</em></span> <span class='ocrx_word' id='word_1_93' title='bbox 1394 1339 1432 1400; x_wconf 88' lang='lat'><em>10</em></span> 
     </span>
     <span class='ocr_line' id='line_1_11' title="bbox 75 1433 1381 1519; baseline 0.002 -24"><span class='ocrx_word' id='word_1_94' title='bbox 75 1444 103 1495; x_wconf 81' lang='lat'><em>10</em></span> <span class='ocrx_word' id='word_1_95' title='bbox 125 1433 301 1510; x_wconf 84' lang='grc' dir='ltr'><em>παντελῶς</em></span> <span class='ocrx_word' id='word_1_96' title='bbox 323 1433 459 1519; x_wconf 90' lang='grc' dir='ltr'><em>ἀνδρες,</em></span> <span class='ocrx_word' id='word_1_97' title='bbox 491 1438 548 1510; x_wconf 85' lang='grc' dir='ltr'><em>οὓς</em></span> <span class='ocrx_word' id='word_1_98' title='bbox 570 1439 648 1515; x_wconf 86' lang='grc' dir='ltr'><em>ύμῖν</em></span> <span class='ocrx_word' id='word_1_99' title='bbox 671 1438 751 1517; x_wconf 85' lang='grc' dir='ltr'><em>ἐγώ,</em></span> <span class='ocrx_word' id='word_1_100' title='bbox 782 1437 813 1498; x_wconf 87' lang='grc' dir='ltr'><em>εί</em></span> <span class='ocrx_word' id='word_1_101' title='bbox 840 1433 1026 1517; x_wconf 87' lang='grc' dir='ltr'><em>βούλεσθε,</em></span> <span class='ocrx_word' id='word_1_102' title='bbox 1056 1437 1210 1519; x_wconf 82' lang='grc' dir='ltr'><em>μηνύσω,</em></span> <span class='ocrx_word' id='word_1_103' title='bbox 1241 1437 1381 1497; x_wconf 81' lang='grc' dir='ltr'><em>ἕκαστον</em></span> 
     </span>
     <span class='ocr_line' id='line_1_12' title="bbox 125 1533 1382 1623; baseline 0.002 -26"><span class='ocrx_word' id='word_1_104' title='bbox 125 1538 288 1615; x_wconf 83' lang='grc' dir='ltr'><em>ὀνομαστί</em></span> <span class='ocrx_word' id='word_1_105' title='bbox 311 1533 531 1616; x_wconf 90' lang='grc' dir='ltr'><em>δεικνύμενος.</em></span> <span class='ocrx_word' id='word_1_106' title='bbox 569 1539 626 1601; x_wconf 86' lang='grc' dir='ltr'><em>καί</em></span> <span class='ocrx_word' id='word_1_107' title='bbox 647 1538 709 1621; x_wconf 85' lang='grc' dir='ltr'><em>γάρ</em></span> <span class='ocrx_word' id='word_1_108' title='bbox 732 1540 769 1623; x_wconf 83' lang='grc' dir='ltr'><em>νη</em></span> <span class='ocrx_word' id='word_1_109' title='bbox 786 1539 855 1599; x_wconf 83' lang='grc' dir='ltr'><em>Δία</em></span> <span class='ocrx_word' id='word_1_110' title='bbox 871 1545 971 1599; x_wconf 80' lang='grc' dir='ltr'><em>τοῦτο</em></span> <span class='ocrx_word' id='word_1_111' title='bbox 986 1540 1090 1618; x_wconf 91' lang='grc' dir='ltr'><em>μόνον</em></span> <span class='ocrx_word' id='word_1_112' title='bbox 1107 1536 1204 1617; x_wconf 86' lang='grc' dir='ltr'><em>οἶμαι</em></span> <span class='ocrx_word' id='word_1_113' title='bbox 1216 1539 1382 1622; x_wconf 84' lang='grc' dir='ltr'><em>χρήσιμον</em></span> 
     </span>
     <span class='ocr_line' id='line_1_13' title="bbox 125 1637 1381 1725; baseline 0.001 -26"><span class='ocrx_word' id='word_1_114' title='bbox 125 1639 226 1716; x_wconf 84' lang='grc' dir='ltr'><em>ἔχειν,</em></span> <span class='ocrx_word' id='word_1_115' title='bbox 255 1640 293 1699; x_wconf 88' lang='grc' dir='ltr'><em>τδ</em></span> <span class='ocrx_word' id='word_1_116' title='bbox 324 1641 518 1721; x_wconf 72' lang='grc' dir='ltr'><em>γιγνώσκειν</em></span> <span class='ocrx_word' id='word_1_117' title='bbox 541 1641 621 1714; x_wconf 91' lang='grc' dir='ltr'><em>τούς</em></span> <span class='ocrx_word' id='word_1_118' title='bbox 645 1642 774 1725; x_wconf 92' lang='grc' dir='ltr'><em>σοφούς</em></span> <span class='ocrx_word' id='word_1_119' title='bbox 796 1641 910 1702; x_wconf 84' lang='grc' dir='ltr'><em>τεκαὶ</em></span> <span class='ocrx_word' id='word_1_120' title='bbox 934 1637 1064 1713; x_wconf 90' lang='grc' dir='ltr'><em>δεινούς</em></span> <span class='ocrx_word' id='word_1_121' title='bbox 1092 1641 1149 1700; x_wconf 85' lang='grc' dir='ltr'><em>καί</em></span> <span class='ocrx_word' id='word_1_122' title='bbox 1172 1637 1283 1701; x_wconf 89' lang='grc' dir='ltr'><em>πάντα</em></span> <span class='ocrx_word' id='word_1_123' title='bbox 1307 1642 1381 1701; x_wconf 88' lang='grc' dir='ltr'><em>ἐπι-</em></span> 
     </span>
     <span class='ocr_line' id='line_1_14' title="bbox 127 1738 1382 1826; baseline 0.002 -26"><span class='ocrx_word' id='word_1_124' title='bbox 127 1745 325 1819; x_wconf 87' lang='grc' dir='ltr'><em>σταμένους·</em></span> <span class='ocrx_word' id='word_1_125' title='bbox 344 1742 396 1816; x_wconf 81' lang='grc' dir='ltr'><em>οἷς</em></span> <span class='ocrx_word' id='word_1_126' title='bbox 407 1743 466 1804; x_wconf 79' lang='grc' dir='ltr'><em>ε’ἀν</em></span> <span class='ocrx_word' id='word_1_127' title='bbox 479 1744 574 1822; x_wconf 89' lang='grc' dir='ltr'><em>ύμείς</em></span> <span class='ocrx_word' id='word_1_128' title='bbox 586 1739 728 1826; x_wconf 88' lang='grc' dir='ltr'><em>ἐθέλητε</em></span> <span class='ocrx_word' id='word_1_129' title='bbox 741 1739 888 1818; x_wconf 83' lang='grc' dir='ltr'><em>ξυνεῖναι</em></span> <span class='ocrx_word' id='word_1_130' title='bbox 898 1738 1004 1802; x_wconf 88' lang='grc' dir='ltr'><em>τάλλα</em></span> <span class='ocrx_word' id='word_1_131' title='bbox 1020 1739 1190 1818; x_wconf 82' lang='grc' dir='ltr'><em>ἐάσαντες,</em></span> <span class='ocrx_word' id='word_1_132' title='bbox 1206 1743 1262 1803; x_wconf 87' lang='grc' dir='ltr'><em>καί</em></span> <span class='ocrx_word' id='word_1_133' title='bbox 1273 1747 1382 1822; x_wconf 85' lang='grc' dir='ltr'><em>γονεῖς</em></span> 
     </span>
    </p>
   </div>
   <div class='ocr_carea' id='block_1_3' title="bbox 74 1840 1428 2543">
    <p class='ocr_par' dir='ltr' id='par_1_3' title="bbox 74 1840 1381 2030">
     <span class='ocr_line' id='line_1_15' title="bbox 124 1840 1381 1928; baseline 0.001 -25"><span class='ocrx_word' id='word_1_134' title='bbox 124 1844 180 1904; x_wconf 83' lang='grc' dir='ltr'><em>καί</em></span> <span class='ocrx_word' id='word_1_135' title='bbox 203 1841 372 1927; x_wconf 91' lang='grc' dir='ltr'><em>πατρίδας</em></span> <span class='ocrx_word' id='word_1_136' title='bbox 388 1846 445 1906; x_wconf 84' lang='grc' dir='ltr'><em>καί</em></span> <span class='ocrx_word' id='word_1_137' title='bbox 460 1845 552 1906; x_wconf 90' lang='grc' dir='ltr'><em>θεῶν</em></span> <span class='ocrx_word' id='word_1_138' title='bbox 571 1845 714 1928; x_wconf 82' lang='grc' dir='ltr'><em>ἱεράκαὶ</em></span> <span class='ocrx_word' id='word_1_139' title='bbox 733 1846 908 1927; x_wconf 91' lang='grc' dir='ltr'><em>προγόνων</em></span> <span class='ocrx_word' id='word_1_140' title='bbox 924 1841 1066 1927; x_wconf 91' lang='grc' dir='ltr'><em>τάφους,</em></span> <span class='ocrx_word' id='word_1_141' title='bbox 1089 1844 1230 1916; x_wconf 85' lang='grc' dir='ltr'><em>ἐκείνοις</em></span> <span class='ocrx_word' id='word_1_142' title='bbox 1247 1840 1381 1918; x_wconf 83' lang='grc' dir='ltr'><em>ξυνακο-</em></span> 
     </span>
     <span class='ocr_line' id='line_1_16' title="bbox 74 1941 1381 2030; baseline 0.001 -25"><span class='ocrx_word' id='word_1_143' title='bbox 74 1954 102 2005; x_wconf 81' lang='grc'><strong>15</strong></span> <span class='ocrx_word' id='word_1_144' title='bbox 126 1942 338 2022; x_wconf 80' lang='grc' dir='ltr'><em>λουθούντες,</em></span> <span class='ocrx_word' id='word_1_145' title='bbox 361 1946 447 2007; x_wconf 86' lang='grc' dir='ltr'><em>ἔνθα</em></span> <span class='ocrx_word' id='word_1_146' title='bbox 460 1947 499 2008; x_wconf 91' lang='grc' dir='ltr'><em>ἀν</em></span> <span class='ocrx_word' id='word_1_147' title='bbox 516 1947 677 2030; x_wconf 78' lang='grc' dir='ltr'><em>ἀγωσινῆ</em></span> <span class='ocrx_word' id='word_1_148' title='bbox 700 1948 756 2008; x_wconf 83' lang='grc' dir='ltr'><em>καί</em></span> <span class='ocrx_word' id='word_1_149' title='bbox 774 1949 931 2024; x_wconf 86' lang='grc' dir='ltr'><em>μένοντές</em></span> <span class='ocrx_word' id='word_1_150' title='bbox 954 1963 1021 2004; x_wconf 93' lang='grc' dir='ltr'><em>που</em></span> <span class='ocrx_word' id='word_1_151' title='bbox 1046 1941 1290 2022; x_wconf 90' lang='grc' dir='ltr'><em>καθιδρύωσιν,</em></span> <span class='ocrx_word' id='word_1_152' title='bbox 1314 1944 1381 2006; x_wconf 80' lang='grc' dir='ltr'><em>εἴτε</em></span> 
     </span>
    </p>

    <p class='ocr_par' dir='ltr' id='par_1_4' title="bbox 125 2041 1382 2133">
     <span class='ocr_line' id='line_1_17' title="bbox 125 2041 1382 2133; baseline -0.001 -24"><span class='ocrx_word' id='word_1_153' title='bbox 125 2041 187 2130; x_wconf 84' lang='grc' dir='ltr'><em>[εἰς</em></span> <span class='ocrx_word' id='word_1_154' title='bbox 209 2050 267 2133; x_wconf 78' lang='grc' dir='ltr'><em>τὴν</em></span> <span class='ocrx_word' id='word_1_155' title='bbox 286 2042 485 2128; x_wconf 88' lang='grc' dir='ltr'><em>Βαβυλῶνα]</em></span> <span class='ocrx_word' id='word_1_156' title='bbox 506 2049 541 2109; x_wconf 89' lang='grc' dir='ltr'><em>ἐν</em></span> <span class='ocrx_word' id='word_1_157' title='bbox 564 2056 605 2132; x_wconf 76' lang='grc' dir='ltr'><em>τῇ</em></span> <span class='ocrx_word' id='word_1_158' title='bbox 621 2049 727 2109; x_wconf 87' lang='grc' dir='ltr'><em>Νίνου</em></span> <span class='ocrx_word' id='word_1_159' title='bbox 748 2048 805 2108; x_wconf 87' lang='grc' dir='ltr'><em>καί</em></span> <span class='ocrx_word' id='word_1_160' title='bbox 824 2043 1053 2128; x_wconf 83' lang='grc' dir='ltr'><em>Σεμιράμιδος</em></span> <span class='ocrx_word' id='word_1_161' title='bbox 1075 2044 1142 2107; x_wconf 87' lang='grc' dir='ltr'><em>εἴτε</em></span> <span class='ocrx_word' id='word_1_162' title='bbox 1164 2049 1198 2107; x_wconf 89' lang='grc' dir='ltr'><em>έν</em></span> <span class='ocrx_word' id='word_1_163' title='bbox 1214 2044 1382 2130; x_wconf 86' lang='grc' dir='ltr'><em>Βάκτροις</em></span> 
     </span>
    </p>

    <p class='ocr_par' dir='ltr' id='par_1_5' title="bbox 124 2144 1381 2233">
     <span class='ocr_line' id='line_1_18' title="bbox 124 2144 1381 2233; baseline 0.002 -25"><span class='ocrx_word' id='word_1_164' title='bbox 124 2150 143 2232; x_wconf 80' lang='grc' dir='ltr'><em>ἢ</em></span> <span class='ocrx_word' id='word_1_165' title='bbox 161 2151 305 2223; x_wconf 79' lang='grc' dir='ltr'><em>Σούσοις</em></span> <span class='ocrx_word' id='word_1_166' title='bbox 327 2171 346 2233; x_wconf 98' lang='grc' dir='ltr'><em>η</em></span> <span class='ocrx_word' id='word_1_167' title='bbox 363 2147 603 2233; x_wconf 75' lang='grc' dir='ltr'><em>Παλιβόθροις</em></span> <span class='ocrx_word' id='word_1_168' title='bbox 618 2151 637 2233; x_wconf 82' lang='grc' dir='ltr'><em>ἢ</em></span> <span class='ocrx_word' id='word_1_169' title='bbox 655 2146 737 2232; x_wconf 82' lang='grc' dir='ltr'><em>άλλη</em></span> <span class='ocrx_word' id='word_1_170' title='bbox 754 2150 820 2210; x_wconf 87' lang='grc' dir='ltr'><em>τινί</em></span> <span class='ocrx_word' id='word_1_171' title='bbox 836 2144 937 2209; x_wconf 87' lang='grc' dir='ltr'><em>πόλει</em></span> <span class='ocrx_word' id='word_1_172' title='bbox 952 2154 1019 2209; x_wconf 93' lang='grc' dir='ltr'><em>τῶν</em></span> <span class='ocrx_word' id='word_1_173' title='bbox 1035 2144 1180 2224; x_wconf 82' lang='grc' dir='ltr'><em>ἐνδόξων</em></span> <span class='ocrx_word' id='word_1_174' title='bbox 1198 2149 1255 2210; x_wconf 83' lang='grc' dir='ltr'><em>καὶ</em></span> <span class='ocrx_word' id='word_1_175' title='bbox 1278 2145 1381 2210; x_wconf 93' lang='grc' dir='ltr'><em>πλου-</em></span> 
     </span>
    </p>

    <p class='ocr_par' dir='ltr' id='par_1_6' title="bbox 128 2242 1380 2335">
     <span class='ocr_line' id='line_1_19' title="bbox 128 2242 1380 2335; baseline 0.002 -26"><span class='ocrx_word' id='word_1_176' title='bbox 128 2251 220 2325; x_wconf 90' lang='grc' dir='ltr'><em>σίων,</em></span> <span class='ocrx_word' id='word_1_177' title='bbox 240 2252 395 2335; x_wconf 81' lang='grc' dir='ltr'><em>χρηματα</em></span> <span class='ocrx_word' id='word_1_178' title='bbox 419 2248 612 2335; x_wconf 81' lang='grc' dir='ltr'><em>διδόντεςῆ</em></span> <span class='ocrx_word' id='word_1_179' title='bbox 635 2252 692 2312; x_wconf 86' lang='grc' dir='ltr'><em>καί</em></span> <span class='ocrx_word' id='word_1_180' title='bbox 714 2248 802 2332; x_wconf 79' lang='grc' dir='ltr'><em>ἄλλῳ</em></span> <span class='ocrx_word' id='word_1_181' title='bbox 827 2253 943 2335; x_wconf 87' lang='grc' dir='ltr'><em>τρόπῳ</em></span> <span class='ocrx_word' id='word_1_182' title='bbox 968 2250 1160 2327; x_wconf 90' lang='grc' dir='ltr'><em>πείθοντες,</em></span> <span class='ocrx_word' id='word_1_183' title='bbox 1186 2242 1380 2329; x_wconf 86' lang='grc' dir='ltr'><em>εύδαιμονέ-</em></span> 
     </span>
    </p>

    <p class='ocr_par' dir='ltr' id='par_1_7' title="bbox 75 2344 1428 2543">
     <span class='ocr_line' id='line_1_20' title="bbox 127 2344 1428 2439; baseline 0.002 -27"><span class='ocrx_word' id='word_1_184' title='bbox 127 2366 240 2434; x_wconf 85' lang='grc' dir='ltr'><em>στεροι</em></span> <span class='ocrx_word' id='word_1_185' title='bbox 263 2353 387 2414; x_wconf 86' lang='grc' dir='ltr'><em>ἔσεσθε</em></span> <span class='ocrx_word' id='word_1_186' title='bbox 411 2344 513 2438; x_wconf 79' lang='grc' dir='ltr'><em>αὐτῆς</em></span> <span class='ocrx_word' id='word_1_187' title='bbox 535 2362 594 2439; x_wconf 82' lang='grc' dir='ltr'><em>της</em></span> <span class='ocrx_word' id='word_1_188' title='bbox 616 2346 842 2434; x_wconf 83' lang='grc' dir='ltr'><em>εὐδαιμονίας.</em></span> <span class='ocrx_word' id='word_1_189' title='bbox 895 2355 926 2415; x_wconf 85' lang='grc' dir='ltr'><em>εί</em></span> <span class='ocrx_word' id='word_1_190' title='bbox 950 2346 982 2414; x_wconf 74' lang='grc' dir='ltr'><em>δ’</em></span> <span class='ocrx_word' id='word_1_191' title='bbox 1008 2344 1106 2414; x_wconf 81' lang='grc' dir='ltr'><em>οὗτοί</em></span> <span class='ocrx_word' id='word_1_192' title='bbox 1132 2348 1178 2437; x_wconf 84' lang='grc' dir='ltr'><em>μὴ</em></span> <span class='ocrx_word' id='word_1_193' title='bbox 1200 2349 1428 2435; x_wconf 79' lang='grc' dir='ltr'><em>βούλεσθε,11</em></span> 
     </span>
     <span class='ocr_line' id='line_1_21' title="bbox 75 2450 1382 2543; baseline -0.002 -25"><span class='ocrx_word' id='word_1_194' title='bbox 75 2467 105 2518; x_wconf 81' lang='grc'><em>20</em></span> <span class='ocrx_word' id='word_1_195' title='bbox 126 2457 425 2538; x_wconf 90' lang='grc' dir='ltr'><em>καταμεμφόμενοι</em></span> <span class='ocrx_word' id='word_1_196' title='bbox 447 2450 506 2540; x_wconf 81' lang='grc' dir='ltr'><em>τὴν</em></span> <span class='ocrx_word' id='word_1_197' title='bbox 530 2458 639 2519; x_wconf 79' lang='grc' dir='ltr'><em>αὐτῶν</em></span> <span class='ocrx_word' id='word_1_198' title='bbox 664 2458 807 2543; x_wconf 84' lang='grc' dir='ltr'><em>φύσινῆ</em></span> <span class='ocrx_word' id='word_1_199' title='bbox 832 2458 953 2518; x_wconf 88' lang='grc' dir='ltr'><em>πενίαν</em></span> <span class='ocrx_word' id='word_1_200' title='bbox 975 2456 994 2540; x_wconf 75' lang='grc' dir='ltr'><em>η’</em></span> <span class='ocrx_word' id='word_1_201' title='bbox 1018 2463 1121 2540; x_wconf 80' lang='grc' dir='ltr'><em>γῆρας</em></span> <span class='ocrx_word' id='word_1_202' title='bbox 1143 2457 1162 2540; x_wconf 78' lang='grc' dir='ltr'><em>ἢ</em></span> <span class='ocrx_word' id='word_1_203' title='bbox 1188 2456 1382 2531; x_wconf 89' lang='grc' dir='ltr'><em>ἀσθένειαν,</em></span> 
     </span>
    </p>
   </div>
   <div class='ocr_carea' id='block_1_4' title="bbox 58 2551 1434 3358">
    <p class='ocr_par' dir='ltr' id='par_1_8' title="bbox 58 2551 1434 3358">
     <span class='ocr_line' id='line_1_22' title="bbox 127 2551 1382 2643; baseline 0.002 -29"><span class='ocrx_word' id='word_1_204' title='bbox 127 2551 211 2615; x_wconf 87' lang='grc' dir='ltr'><em>ἀλλά</em></span> <span class='ocrx_word' id='word_1_205' title='bbox 234 2561 308 2630; x_wconf 88' lang='grc' dir='ltr'><em>τοῖς</em></span> <span class='ocrx_word' id='word_1_206' title='bbox 329 2577 366 2638; x_wconf 91' lang='grc' dir='ltr'><em>γε</em></span> <span class='ocrx_word' id='word_1_207' title='bbox 387 2560 478 2620; x_wconf 84' lang='grc' dir='ltr'><em>υἱέσι</em></span> <span class='ocrx_word' id='word_1_208' title='bbox 499 2554 545 2643; x_wconf 82' lang='grc' dir='ltr'><em>μὴ</em></span> <span class='ocrx_word' id='word_1_209' title='bbox 571 2560 780 2643; x_wconf 80' lang='grc' dir='ltr'><em>φθονοῦντες</em></span> <span class='ocrx_word' id='word_1_210' title='bbox 808 2556 893 2643; x_wconf 79' lang='grc' dir='ltr'><em>μηδὲ</em></span> <span class='ocrx_word' id='word_1_211' title='bbox 925 2561 1174 2643; x_wconf 82' lang='grc' dir='ltr'><em>ἀφαιρούμενοι</em></span> <span class='ocrx_word' id='word_1_212' title='bbox 1202 2563 1269 2617; x_wconf 88' lang='grc' dir='ltr'><em>τῶν</em></span> <span class='ocrx_word' id='word_1_213' title='bbox 1291 2558 1382 2638; x_wconf 90' lang='grc' dir='ltr'><em>μεγί-</em></span> 
     </span>
     <span class='ocr_line' id='line_1_23' title="bbox 128 2659 1380 2746; baseline -0.001 -27"><span class='ocrx_word' id='word_1_214' title='bbox 128 2675 216 2720; x_wconf 88' lang='grc' dir='ltr'><em>στων</em></span> <span class='ocrx_word' id='word_1_215' title='bbox 239 2660 397 2740; x_wconf 89' lang='grc' dir='ltr'><em>ἀγαθῶν,</em></span> <span class='ocrx_word' id='word_1_216' title='bbox 428 2663 543 2722; x_wconf 82' lang='grc' dir='ltr'><em>έκούσί</em></span> <span class='ocrx_word' id='word_1_217' title='bbox 570 2683 606 2724; x_wconf 92' lang='grc' dir='ltr'><em>τε</em></span> <span class='ocrx_word' id='word_1_218' title='bbox 634 2665 877 2746; x_wconf 87' lang='grc' dir='ltr'><em>ἐπιτρέποντες</em></span> <span class='ocrx_word' id='word_1_219' title='bbox 905 2663 961 2722; x_wconf 82' lang='grc' dir='ltr'><em>καὶ</em></span> <span class='ocrx_word' id='word_1_220' title='bbox 987 2662 1129 2734; x_wconf 91' lang='grc' dir='ltr'><em>ἀκοντας</em></span> <span class='ocrx_word' id='word_1_221' title='bbox 1157 2659 1340 2732; x_wconf 88' lang='grc' dir='ltr'><em>πείθοντες</em></span> <span class='ocrx_word' id='word_1_222' title='bbox 1362 2659 1380 2741; x_wconf 83' lang='grc' dir='ltr'><em>ἢ</em></span> 
     </span>
     <span class='ocr_line' id='line_1_24' title="bbox 126 2756 1383 2848; baseline -0.002 -26"><span class='ocrx_word' id='word_1_223' title='bbox 126 2757 323 2841; x_wconf 84' lang='grc' dir='ltr'><em>βιαζόμενοι</em></span> <span class='ocrx_word' id='word_1_224' title='bbox 338 2761 450 2825; x_wconf 92' lang='grc' dir='ltr'><em>πάντα</em></span> <span class='ocrx_word' id='word_1_225' title='bbox 466 2756 606 2848; x_wconf 89' lang='grc' dir='ltr'><em>τρόπον,</em></span> <span class='ocrx_word' id='word_1_226' title='bbox 623 2766 669 2838; x_wconf 84' lang='grc' dir='ltr'><em>ὡς</em></span> <span class='ocrx_word' id='word_1_227' title='bbox 684 2765 724 2824; x_wconf 93' lang='grc' dir='ltr'><em>ἀν</em></span> <span class='ocrx_word' id='word_1_228' title='bbox 741 2760 987 2836; x_wconf 87' lang='grc' dir='ltr'><em>παιδευθέντες</em></span> <span class='ocrx_word' id='word_1_229' title='bbox 1004 2763 1124 2834; x_wconf 85' lang='grc' dir='ltr'><em>ἱκανῶς</em></span> <span class='ocrx_word' id='word_1_230' title='bbox 1138 2762 1195 2822; x_wconf 86' lang='grc' dir='ltr'><em>καὶ</em></span> <span class='ocrx_word' id='word_1_231' title='bbox 1209 2757 1383 2841; x_wconf 90' lang='grc' dir='ltr'><em>γενόμενοι</em></span> 
     </span>
     <span class='ocr_line' id='line_1_25' title="bbox 128 2857 1380 2949; baseline -0.001 -25"><span class='ocrx_word' id='word_1_232' title='bbox 128 2866 233 2948; x_wconf 86' lang='grc' dir='ltr'><em>σοφοί</em></span> <span class='ocrx_word' id='word_1_233' title='bbox 255 2866 349 2948; x_wconf 82' lang='grc' dir='ltr'><em>παρά</em></span> <span class='ocrx_word' id='word_1_234' title='bbox 367 2872 471 2926; x_wconf 82' lang='grc' dir='ltr'><em>πᾶσιν</em></span> <span class='ocrx_word' id='word_1_235' title='bbox 479 2857 617 2948; x_wconf 86' lang='grc' dir='ltr'><em>Ἕλλησι</em></span> <span class='ocrx_word' id='word_1_236' title='bbox 632 2868 688 2928; x_wconf 84' lang='grc' dir='ltr'><em>καί</em></span> <span class='ocrx_word' id='word_1_237' title='bbox 701 2863 888 2949; x_wconf 88' lang='grc' dir='ltr'><em>βαρβάροις</em></span> <span class='ocrx_word' id='word_1_238' title='bbox 912 2866 1096 2944; x_wconf 83' lang='grc' dir='ltr'><em>ὀνομαστοί</em></span> <span class='ocrx_word' id='word_1_239' title='bbox 1111 2861 1177 2925; x_wconf 83' lang='grc' dir='ltr'><em>ὦσι</em></span> <span class='ocrx_word' id='word_1_240' title='bbox 1192 2864 1230 2923; x_wconf 89' lang='grc' dir='ltr'><em>τό</em></span> <span class='ocrx_word' id='word_1_241' title='bbox 1248 2858 1380 2939; x_wconf 89' lang='grc' dir='ltr'><em>λοιπόν,</em></span> 
     </span>
     <span class='ocr_line' id='line_1_26' title="bbox 58 2963 1380 3050; baseline -0.005 -18"><span class='ocrx_word' id='word_1_242' title='bbox 58 2976 104 3032; x_wconf 71' lang='grc'><em>25</em></span> <span class='ocrx_word' id='word_1_243' title='bbox 127 2963 348 3049; x_wconf 89' lang='grc' dir='ltr'><em>διαφέροντες</em></span> <span class='ocrx_word' id='word_1_244' title='bbox 376 2967 479 3050; x_wconf 81' lang='grc' dir='ltr'><em>ἀρετῇ</em></span> <span class='ocrx_word' id='word_1_245' title='bbox 506 2969 562 3028; x_wconf 84' lang='grc' dir='ltr'><em>καί</em></span> <span class='ocrx_word' id='word_1_246' title='bbox 591 2963 672 3050; x_wconf 80' lang='grc' dir='ltr'><em>δόξῃ</em></span> <span class='ocrx_word' id='word_1_247' title='bbox 701 2969 758 3029; x_wconf 85' lang='grc' dir='ltr'><em>καὶ</em></span> <span class='ocrx_word' id='word_1_248' title='bbox 786 2965 922 3049; x_wconf 81' lang='grc' dir='ltr'><em>πλούτῳ</em></span> <span class='ocrx_word' id='word_1_249' title='bbox 952 2969 1009 3029; x_wconf 87' lang='grc' dir='ltr'><em>καί</em></span> <span class='ocrx_word' id='word_1_250' title='bbox 1040 2964 1179 3045; x_wconf 91' lang='grc' dir='ltr'><em>δυνάμει</em></span> <span class='ocrx_word' id='word_1_251' title='bbox 1212 2973 1254 3049; x_wconf 78' lang='grc' dir='ltr'><em>τῇ</em></span> <span class='ocrx_word' id='word_1_252' title='bbox 1287 2963 1380 3049; x_wconf 87' lang='grc' dir='ltr'><em>πόση</em></span> 
     </span>
     <span class='ocr_line' id='line_1_27' title="bbox 128 3057 1380 3154; baseline 0.002 -27"><span class='ocrx_word' id='word_1_253' title='bbox 128 3064 255 3145; x_wconf 87' lang='grc' dir='ltr'><em>σχεδόν.</em></span> <span class='ocrx_word' id='word_1_254' title='bbox 302 3057 339 3128; x_wconf 84' lang='grc' dir='ltr'><em>ού</em></span> <span class='ocrx_word' id='word_1_255' title='bbox 362 3069 424 3150; x_wconf 83' lang='grc' dir='ltr'><em>γὰρ</em></span> <span class='ocrx_word' id='word_1_256' title='bbox 447 3064 551 3147; x_wconf 88' lang='grc' dir='ltr'><em>μόνον</em></span> <span class='ocrx_word' id='word_1_257' title='bbox 576 3066 710 3150; x_wconf 85' lang='grc' dir='ltr'><em>πλούτῳ</em></span> <span class='ocrx_word' id='word_1_258' title='bbox 737 3071 841 3154; x_wconf 85' lang='grc' dir='ltr'><em>φασίν</em></span> <span class='ocrx_word' id='word_1_259' title='bbox 865 3065 985 3153; x_wconf 84' lang='grc' dir='ltr'><em>ἀρετὴν</em></span> <span class='ocrx_word' id='word_1_260' title='bbox 1013 3071 1069 3131; x_wconf 84' lang='grc' dir='ltr'><em>καί</em></span> <span class='ocrx_word' id='word_1_261' title='bbox 1097 3061 1197 3142; x_wconf 79' lang='grc' dir='ltr'><em>κῦδος</em></span> <span class='ocrx_word' id='word_1_262' title='bbox 1229 3065 1380 3152; x_wconf 86' lang='grc' dir='ltr'><em>ὀπηδεῖν,</em></span> 
     </span>
     <span class='ocr_line' id='line_1_28' title="bbox 127 3165 1434 3255; baseline 0.008 -29"><span class='ocrx_word' id='word_1_263' title='bbox 127 3165 278 3228; x_wconf 83' lang='grc' dir='ltr'><em>ἀλλὰκαὶ</em></span> <span class='ocrx_word' id='word_1_264' title='bbox 292 3166 438 3242; x_wconf 81' lang='grc' dir='ltr'><em>πλοῦτος</em></span> <span class='ocrx_word' id='word_1_265' title='bbox 450 3169 552 3252; x_wconf 81' lang='grc' dir='ltr'><em>ἀρετῇ</em></span> <span class='ocrx_word' id='word_1_266' title='bbox 566 3174 746 3232; x_wconf 90' lang='grc' dir='ltr'><em>συνέπεται</em></span> <span class='ocrx_word' id='word_1_267' title='bbox 757 3167 794 3246; x_wconf 84' lang='grc' dir='ltr'><em>ἐξ</em></span> <span class='ocrx_word' id='word_1_268' title='bbox 805 3169 958 3255; x_wconf 87' lang='grc' dir='ltr'><em>ἀνάγκης.</em></span> <span class='ocrx_word' id='word_1_269' title='bbox 975 3179 1080 3232; x_wconf 83' lang='grc' dir='ltr'><em>ταῦτα</em></span> <span class='ocrx_word' id='word_1_270' title='bbox 1094 3168 1129 3232; x_wconf 80' lang='grc' dir='ltr'><em>δέ</em></span> <span class='ocrx_word' id='word_1_271' title='bbox 1141 3173 1219 3250; x_wconf 86' lang='grc' dir='ltr'><em>ύμῖν</em></span> <span class='ocrx_word' id='word_1_272' title='bbox 1231 3171 1383 3231; x_wconf 89' lang='grc' dir='ltr'><em>ἐναντίον</em></span> <span class='ocrx_word' id='word_1_273' title='bbox 1396 3177 1434 3239; x_wconf 89' lang='grc'><em>12</em></span> 
     </span>
     <span class='ocr_line' id='line_1_29' title="bbox 126 3265 1383 3358; baseline 0.002 -28"><span class='ocrx_word' id='word_1_274' title='bbox 126 3266 224 3330; x_wconf 80' lang='grc' dir='ltr'><em>τοῦδε</em></span> <span class='ocrx_word' id='word_1_275' title='bbox 254 3277 315 3330; x_wconf 80' lang='grc' dir='ltr'><em>τοῦ</em></span> <span class='ocrx_word' id='word_1_276' title='bbox 337 3270 425 3330; x_wconf 83' lang='grc' dir='ltr'><em>θεοῦ</em></span> <span class='ocrx_word' id='word_1_277' title='bbox 450 3267 605 3353; x_wconf 88' lang='grc' dir='ltr'><em>προλέγω</em></span> <span class='ocrx_word' id='word_1_278' title='bbox 631 3274 687 3333; x_wconf 87' lang='grc' dir='ltr'><em>καί</em></span> <span class='ocrx_word' id='word_1_279' title='bbox 710 3269 922 3352; x_wconf 82' lang='grc' dir='ltr'><em>ξυμβουλεύω</em></span> <span class='ocrx_word' id='word_1_280' title='bbox 951 3265 999 3334; x_wconf 62' lang='grc' dir='ltr'><em>δι)</em></span> <span class='ocrx_word' id='word_1_281' title='bbox 1025 3274 1158 3335; x_wconf 88' lang='grc' dir='ltr'><em>εύνοιαν</em></span> <span class='ocrx_word' id='word_1_282' title='bbox 1184 3274 1240 3335; x_wconf 83' lang='grc' dir='ltr'><em>καί</em></span> <span class='ocrx_word' id='word_1_283' title='bbox 1264 3269 1383 3358; x_wconf 88' lang='grc' dir='ltr'><em>φιλίαν</em></span> 
     </span>
    </p>
   </div>
   <div class='ocr_carea' id='block_1_5' title="bbox 127 3481 1383 4576">
    <p class='ocr_par' dir='ltr' id='par_1_9' title="bbox 127 3481 1383 4576">
     <span class='ocr_line' id='line_1_30' title="bbox 213 3481 1382 3559; baseline 0.004 -20"><span class='ocrx_word' id='word_1_284' title='bbox 213 3490 228 3539; x_wconf 92' lang='grc'>2</span> <span class='ocrx_word' id='word_1_285' title='bbox 246 3485 419 3559; x_wconf 80' lang='grc' dir='ltr'><em>ξυμβουλεύη</em></span> <span class='ocrx_word' id='word_1_286' title='bbox 438 3488 460 3542; x_wconf 91' lang='grc' dir='ltr'><strong><em>Ρ</em></strong></span> <span class='ocrx_word' id='word_1_287' title='bbox 530 3482 611 3545; x_wconf 76' lang='grc' dir='ltr'><em>οὐδέν</em></span> <span class='ocrx_word' id='word_1_288' title='bbox 629 3483 670 3544; x_wconf 70' lang='grc' dir='ltr'><em>ἔτι</em></span> <span class='ocrx_word' id='word_1_289' title='bbox 689 3481 790 3544; x_wconf 85' lang='grc' dir='ltr'><em>αύτοῖσ</em></span> <span class='ocrx_word' id='word_1_290' title='bbox 807 3489 863 3542; x_wconf 88' lang='grc' dir='ltr'><em>ΒΜ</em></span> <span class='ocrx_word' id='word_1_291' title='bbox 879 3485 920 3546; x_wconf 73' lang='grc' dir='ltr'><em>ἔτι</em></span> <span class='ocrx_word' id='word_1_292' title='bbox 939 3482 1040 3545; x_wconf 86' lang='grc' dir='ltr'><em>αύτοῖσ</em></span> <span class='ocrx_word' id='word_1_293' title='bbox 1058 3482 1139 3545; x_wconf 80' lang='grc' dir='ltr'><em>οὐδὲν</em></span> <span class='ocrx_word' id='word_1_294' title='bbox 1157 3490 1182 3544; x_wconf 92' lang='lat' dir='ltr'><strong>U</strong></span> <span class='ocrx_word' id='word_1_295' title='bbox 1269 3495 1285 3542; x_wconf 83' lang='lat'>4</span> <span class='ocrx_word' id='word_1_296' title='bbox 1303 3493 1382 3559; x_wconf 82' lang='grc' dir='ltr'><em>φιλο-</em></span> 
     </span>
     <span class='ocr_line' id='line_1_31' title="bbox 128 3565 1381 3644; baseline 0.003 -18"><span class='ocrx_word' id='word_1_297' title='bbox 128 3579 230 3641; x_wconf 87' lang='grc' dir='ltr'><em>σοφεῖν</em></span> <span class='ocrx_word' id='word_1_298' title='bbox 248 3581 313 3628; x_wconf 89' lang='grc' dir='ltr'><em>τοῖσ</em></span> <span class='ocrx_word' id='word_1_299' title='bbox 331 3572 386 3626; x_wconf 91' lang='grc' dir='ltr'><em>ΒΜ</em></span> <span class='ocrx_word' id='word_1_300' title='bbox 455 3573 638 3640; x_wconf 82' lang='grc' dir='ltr'><em>8ξυνείδαΡ</em></span> <span class='ocrx_word' id='word_1_301' title='bbox 709 3565 975 3643; x_wconf 81' lang='grc' dir='ltr'><em>9ἐπιστάμενονΡ</em></span> <span class='ocrx_word' id='word_1_302' title='bbox 1054 3579 1084 3626; x_wconf 87' lang='lat'><em>10</em></span> <span class='ocrx_word' id='word_1_303' title='bbox 1106 3570 1173 3644; x_wconf 78' lang='grc' dir='ltr'><em>ἡμῖν</em></span> <span class='ocrx_word' id='word_1_304' title='bbox 1191 3573 1222 3625; x_wconf 19' lang='grc' dir='ltr'><em>ΡΑ</em></span> <span class='ocrx_word' id='word_1_305' title='bbox 1281 3569 1381 3638; x_wconf 83' lang='grc' dir='ltr'><em>βούλε-</em></span> 
     </span>
     <span class='ocr_line' id='line_1_32' title="bbox 127 3654 1382 3732; baseline 0.001 -20"><span class='ocrx_word' id='word_1_306' title='bbox 127 3657 240 3712; x_wconf 78' lang='grc' dir='ltr'><em>σθαιῐ]</em></span> <span class='ocrx_word' id='word_1_307' title='bbox 312 3662 339 3710; x_wconf 90' lang='grc'><em>11</em></span> <span class='ocrx_word' id='word_1_308' title='bbox 360 3655 536 3726; x_wconf 83' lang='grc' dir='ltr'><em>ένομαστίΡ</em></span> <span class='ocrx_word' id='word_1_309' title='bbox 608 3663 639 3712; x_wconf 87' lang='grc'><strong>13</strong></span> <span class='ocrx_word' id='word_1_310' title='bbox 657 3655 790 3732; x_wconf 80' lang='grc' dir='ltr'><em>έθέληται</em></span> <span class='ocrx_word' id='word_1_311' title='bbox 808 3660 838 3715; x_wconf 90' lang='grc' dir='ltr'><strong>Μ</strong></span> <span class='ocrx_word' id='word_1_312' title='bbox 909 3665 941 3715; x_wconf 85' lang='grc'><strong>14</strong></span> <span class='ocrx_word' id='word_1_313' title='bbox 965 3659 1146 3730; x_wconf 84' lang='grc' dir='ltr'><em>πατρίδοσΡ</em></span> <span class='ocrx_word' id='word_1_314' title='bbox 1219 3662 1249 3711; x_wconf 83' lang='grc'><strong>15</strong></span> <span class='ocrx_word' id='word_1_315' title='bbox 1268 3654 1382 3715; x_wconf 85' lang='grc' dir='ltr'><em>ἀπωσιν</em></span> 
     </span>
     <span class='ocr_line' id='line_1_33' title="bbox 127 3733 1314 3817; baseline 0.004 -25"><span class='ocrx_word' id='word_1_316' title='bbox 127 3740 182 3794; x_wconf 90' lang='grc' dir='ltr'><em>ΒΜ</em></span> <span class='ocrx_word' id='word_1_317' title='bbox 200 3733 312 3797; x_wconf 82' lang='grc' dir='ltr'><em>άπῶσιν</em></span> <span class='ocrx_word' id='word_1_318' title='bbox 330 3742 415 3808; x_wconf 88' lang='lat' dir='ltr'>UPY‚</span> <span class='ocrx_word' id='word_1_319' title='bbox 441 3759 510 3798; x_wconf 87' lang='lat' dir='ltr'>corr.</span> <span class='ocrx_word' id='word_1_320' title='bbox 530 3743 610 3813; x_wconf 85' lang='lat' dir='ltr'><strong>Emp.</strong></span> <span class='ocrx_word' id='word_1_321' title='bbox 696 3742 889 3817; x_wconf 85' lang='grc' dir='ltr'><em>καθιδρύωσιν</em></span> <span class='ocrx_word' id='word_1_322' title='bbox 912 3745 991 3808; x_wconf 88' lang='lat' dir='ltr'><strong>Wil.‚</strong></span> <span class='ocrx_word' id='word_1_323' title='bbox 1014 3746 1228 3817; x_wconf 84' lang='grc' dir='ltr'><em>καθιδρυθῶσιν</em></span> <span class='ocrx_word' id='word_1_324' title='bbox 1251 3742 1314 3798; x_wconf 87' lang='lat' dir='ltr'><strong>libri</strong></span> 
     </span>
     <span class='ocr_line' id='line_1_34' title="bbox 130 3820 1383 3903; baseline 0.005 -25"><span class='ocrx_word' id='word_1_325' title='bbox 130 3829 161 3879; x_wconf 88' lang='grc'><em>16</em></span> <span class='ocrx_word' id='word_1_326' title='bbox 180 3824 220 3890; x_wconf 85' lang='grc' dir='ltr'><em>είς</em></span> <span class='ocrx_word' id='word_1_327' title='bbox 238 3820 288 3897; x_wconf 78' lang='grc' dir='ltr'><em>τὴν</em></span> <span class='ocrx_word' id='word_1_328' title='bbox 306 3831 465 3896; x_wconf 80' lang='grc' dir='ltr'><em>Βαβυλῶνα</em></span> <span class='ocrx_word' id='word_1_329' title='bbox 483 3829 596 3884; x_wconf 80' lang='lat' dir='ltr'>seclusit</span> <span class='ocrx_word' id='word_1_330' title='bbox 613 3830 677 3884; x_wconf 87' lang='lat' dir='ltr'>Wil.</span> <span class='ocrx_word' id='word_1_331' title='bbox 765 3831 797 3888; x_wconf 85' lang='grc' dir='ltr'><em>ἐν</em></span> <span class='ocrx_word' id='word_1_332' title='bbox 815 3834 851 3903; x_wconf 78' lang='grc' dir='ltr'><em>τῇ</em></span> <span class='ocrx_word' id='word_1_333' title='bbox 869 3831 942 3900; x_wconf 83' lang='lat' dir='ltr'><strong>Wil,</strong></span> <span class='ocrx_word' id='word_1_334' title='bbox 960 3825 1012 3902; x_wconf 72' lang='grc' dir='ltr'><em>τὴν</em></span> <span class='ocrx_word' id='word_1_335' title='bbox 1029 3829 1091 3884; x_wconf 84' lang='lat' dir='ltr'>libri</span> <span class='ocrx_word' id='word_1_336' title='bbox 1178 3823 1383 3901; x_wconf 85' lang='grc' dir='ltr'><em>σεμειράμιδοσ</em></span> 
     </span>
     <span class='ocr_line' id='line_1_35' title="bbox 127 3909 1381 3991; baseline 0.002 -26"><span class='ocrx_word' id='word_1_337' title='bbox 127 3909 184 3965; x_wconf 88' lang='lat' dir='ltr'><em>UM</em></span> <span class='ocrx_word' id='word_1_338' title='bbox 288 3916 318 3965; x_wconf 83' lang='lat'><em>1¹1</em></span> <span class='ocrx_word' id='word_1_339' title='bbox 344 3912 561 3990; x_wconf 71' lang='grc' dir='ltr'><em>παλιμβάύροισ</em></span> <span class='ocrx_word' id='word_1_340' title='bbox 578 3917 628 3972; x_wconf 88' lang='lat' dir='ltr'><em>UB</em></span> <span class='ocrx_word' id='word_1_341' title='bbox 650 3911 736 3973; x_wconf 80' lang='grc' dir='ltr'><em>πάλιν</em></span> <span class='ocrx_word' id='word_1_342' title='bbox 758 3913 887 3991; x_wconf 82' lang='grc' dir='ltr'><em>βάθροισ</em></span> <span class='ocrx_word' id='word_1_343' title='bbox 910 3917 941 3971; x_wconf 89' lang='grc' dir='ltr'>Μ</span> <span class='ocrx_word' id='word_1_344' title='bbox 963 3910 1196 3988; x_wconf 84' lang='grc' dir='ltr'><em>παλιμβάκτρυισ</em></span> <span class='ocrx_word' id='word_1_345' title='bbox 1217 3913 1281 3983; x_wconf 91' lang='lat' dir='ltr'><em>PY,</em></span> <span class='ocrx_word' id='word_1_346' title='bbox 1310 3929 1381 3969; x_wconf 87' lang='lat' dir='ltr'><strong>corr.</strong></span> 
     </span>
     <span class='ocr_line' id='line_1_36' title="bbox 128 3991 1383 4072; baseline 0.006 -25"><span class='ocrx_word' id='word_1_347' title='bbox 128 3992 237 4050; x_wconf 80' lang='lat' dir='ltr'>Geelius</span> <span class='ocrx_word' id='word_1_348' title='bbox 345 4003 374 4052; x_wconf 85' lang='grc'><strong>18</strong></span> <span class='ocrx_word' id='word_1_349' title='bbox 390 3991 526 4072; x_wconf 80' lang='grc' dir='ltr'><em>χρήματα</em></span> <span class='ocrx_word' id='word_1_350' title='bbox 544 4032 577 4040; x_wconf 94' lang='grc'><strong>-</strong></span> <span class='ocrx_word' id='word_1_351' title='bbox 596 4003 747 4066; x_wconf 84' lang='grc' dir='ltr'><em>πείθοντες</em></span> <span class='ocrx_word' id='word_1_352' title='bbox 764 4001 816 4058; x_wconf 86' lang='lat' dir='ltr'><strong>del.</strong></span> <span class='ocrx_word' id='word_1_353' title='bbox 836 4002 899 4056; x_wconf 90' lang='lat' dir='ltr'>Wil.</span> <span class='ocrx_word' id='word_1_354' title='bbox 1003 3997 1177 4057; x_wconf 87' lang='grc' dir='ltr'><em>διδόντασΡ</em></span> <span class='ocrx_word' id='word_1_355' title='bbox 1281 4000 1383 4055; x_wconf 78' lang='grc' dir='ltr'><em>πίθον-</em></span> 
     </span>
     <span class='ocr_line' id='line_1_37' title="bbox 128 4078 1314 4166; baseline 0.004 -33"><span class='ocrx_word' id='word_1_356' title='bbox 128 4097 178 4134; x_wconf 84' lang='grc' dir='ltr'><em>τεσ</em></span> <span class='ocrx_word' id='word_1_357' title='bbox 196 4079 227 4133; x_wconf 89' lang='grc' dir='ltr'><strong>Μ</strong></span> <span class='ocrx_word' id='word_1_358' title='bbox 242 4156 253 4166; x_wconf 34' lang='grc' dir='ltr'>ι</span> <span class='ocrx_word' id='word_1_359' title='bbox 332 4088 363 4138; x_wconf 86' lang='grc'><strong>19</strong></span> <span class='ocrx_word' id='word_1_360' title='bbox 382 4078 500 4142; x_wconf 75' lang='grc' dir='ltr'><em>ἔσεσθαι</em></span> <span class='ocrx_word' id='word_1_361' title='bbox 517 4086 581 4140; x_wconf 90' lang='lat' dir='ltr'><strong>libri</strong></span> <span class='ocrx_word' id='word_1_362' title='bbox 599 4102 669 4142; x_wconf 86' lang='lat' dir='ltr'><strong>corr.</strong></span> <span class='ocrx_word' id='word_1_363' title='bbox 687 4086 756 4143; x_wconf 88' lang='lat' dir='ltr'><strong>Mor.</strong></span> <span class='ocrx_word' id='word_1_364' title='bbox 856 4080 945 4158; x_wconf 79' lang='grc' dir='ltr'><em>αύτῆσ</em></span> <span class='ocrx_word' id='word_1_365' title='bbox 963 4081 1080 4144; x_wconf 72' lang='grc' dir='ltr'><em>ἔσεσθαι</em></span> <span class='ocrx_word' id='word_1_366' title='bbox 1098 4087 1161 4153; x_wconf 84' lang='lat' dir='ltr'><strong>(hoc</strong></span> <span class='ocrx_word' id='word_1_367' title='bbox 1179 4085 1248 4151; x_wconf 82' lang='lat' dir='ltr'><strong>ord.)</strong></span> <span class='ocrx_word' id='word_1_368' title='bbox 1266 4084 1314 4138; x_wconf 91' lang='lat' dir='ltr'><em>PY</em></span> 
     </span>
     <span class='ocr_line' id='line_1_38' title="bbox 129 4157 1383 4241; baseline 0.006 -23"><span class='ocrx_word' id='word_1_369' title='bbox 129 4163 155 4218; x_wconf 85' lang='grc' dir='ltr'><em>εί</em></span> <span class='ocrx_word' id='word_1_370' title='bbox 170 4157 198 4218; x_wconf 79' lang='grc' dir='ltr'><em>δ’</em></span> <span class='ocrx_word' id='word_1_371' title='bbox 217 4167 252 4223; x_wconf 87' lang='grc' dir='ltr'><em>αύ</em></span> <span class='ocrx_word' id='word_1_372' title='bbox 270 4160 353 4225; x_wconf 87' lang='grc' dir='ltr'><em>αύτοί</em></span> <span class='ocrx_word' id='word_1_373' title='bbox 371 4168 400 4222; x_wconf 89' lang='grc' dir='ltr'>Μ</span> <span class='ocrx_word' id='word_1_374' title='bbox 498 4171 528 4228; x_wconf 77' lang='grc' dir='ltr'><em>δὲ</em></span> <span class='ocrx_word' id='word_1_375' title='bbox 544 4170 591 4226; x_wconf 85' lang='grc' dir='ltr'><em>ΡΥ</em></span> <span class='ocrx_word' id='word_1_376' title='bbox 689 4167 846 4240; x_wconf 79' lang='grc' dir='ltr'><em>βούλεσθαι</em></span> <span class='ocrx_word' id='word_1_377' title='bbox 863 4171 911 4226; x_wconf 88' lang='lat' dir='ltr'><em>PV</em></span> <span class='ocrx_word' id='word_1_378' title='bbox 1014 4175 1044 4225; x_wconf 90' lang='grc'><em>21</em></span> <span class='ocrx_word' id='word_1_379' title='bbox 1066 4175 1222 4229; x_wconf 84' lang='grc' dir='ltr'><em>δοκοῦντεσ</em></span> <span class='ocrx_word' id='word_1_380' title='bbox 1239 4186 1289 4239; x_wconf 85' lang='lat' dir='ltr'><em>pro</em></span> <span class='ocrx_word' id='word_1_381' title='bbox 1308 4173 1383 4241; x_wconf 83' lang='grc' dir='ltr'><em>φθο-</em></span> 
     </span>
     <span class='ocr_line' id='line_1_39' title="bbox 129 4251 1383 4324; baseline 0.006 -22"><span class='ocrx_word' id='word_1_382' title='bbox 129 4252 293 4307; x_wconf 83' lang='grc' dir='ltr'><em>νούντεσΡ</em></span> <span class='ocrx_word' id='word_1_383' title='bbox 398 4259 429 4308; x_wconf 94' lang='grc'><em>22</em></span> <span class='ocrx_word' id='word_1_384' title='bbox 452 4252 568 4312; x_wconf 78' lang='grc' dir='ltr'><em>ἑκοῦσίν</em></span> <span class='ocrx_word' id='word_1_385' title='bbox 590 4256 664 4314; x_wconf 59' lang='grc' dir='ltr'><em>τεν</em></span> <span class='ocrx_word' id='word_1_386' title='bbox 773 4259 805 4309; x_wconf 90' lang='grc'><em>23</em></span> <span class='ocrx_word' id='word_1_387' title='bbox 825 4251 1057 4313; x_wconf 83' lang='grc' dir='ltr'><em>πεδευθέντεσΡ</em></span> <span class='ocrx_word' id='word_1_388' title='bbox 1162 4261 1194 4310; x_wconf 85' lang='grc'><em>25</em></span> <span class='ocrx_word' id='word_1_389' title='bbox 1213 4251 1330 4323; x_wconf 79' lang='grc' dir='ltr'><em>δυνάμει</em></span> <span class='ocrx_word' id='word_1_390' title='bbox 1348 4257 1383 4324; x_wconf 81' lang='grc' dir='ltr'><em>τῇ</em></span> 
     </span>
     <span class='ocr_line' id='line_1_40' title="bbox 129 4332 1382 4412; baseline 0.006 -23"><span class='ocrx_word' id='word_1_391' title='bbox 129 4337 199 4390; x_wconf 86' lang='grc' dir='ltr'><em>πᾶσι</em></span> <span class='ocrx_word' id='word_1_392' title='bbox 222 4335 298 4391; x_wconf 89' lang='lat' dir='ltr'><em>Um.</em></span> <span class='ocrx_word' id='word_1_393' title='bbox 322 4355 363 4408; x_wconf 88' lang='lat' dir='ltr'><em>pr.</em></span> <span class='ocrx_word' id='word_1_394' title='bbox 387 4337 501 4410; x_wconf 83' lang='grc' dir='ltr'><em>δυνάμει</em></span> <span class='ocrx_word' id='word_1_395' title='bbox 524 4345 573 4398; x_wconf 85' lang='grc' dir='ltr'><em>καί</em></span> <span class='ocrx_word' id='word_1_396' title='bbox 597 4345 668 4399; x_wconf 83' lang='grc' dir='ltr'><em>πᾶσι</em></span> <span class='ocrx_word' id='word_1_397' title='bbox 690 4341 711 4395; x_wconf 90' lang='grc' dir='ltr'>Ρ</span> <span class='ocrx_word' id='word_1_398' title='bbox 735 4337 849 4409; x_wconf 82' lang='grc' dir='ltr'><em>δυνάμει</em></span> <span class='ocrx_word' id='word_1_399' title='bbox 872 4336 949 4410; x_wconf 84' lang='grc' dir='ltr'><em>πάοη</em></span> <span class='ocrx_word' id='word_1_400' title='bbox 973 4345 1035 4403; x_wconf 85' lang='lat' dir='ltr'><strong>(om.</strong></span> <span class='ocrx_word' id='word_1_401' title='bbox 1060 4345 1105 4411; x_wconf 78' lang='grc' dir='ltr'><em>τῇ)</em></span> <span class='ocrx_word' id='word_1_402' title='bbox 1129 4342 1153 4395; x_wconf 90' lang='lat' dir='ltr'><strong>Y</strong></span> <span class='ocrx_word' id='word_1_403' title='bbox 1258 4343 1289 4395; x_wconf 91' lang='grc'><em>26</em></span> <span class='ocrx_word' id='word_1_404' title='bbox 1313 4332 1382 4412; x_wconf 85' lang='grc' dir='ltr'><em>ὀπη-</em></span> 
     </span>
     <span class='ocr_line' id='line_1_41' title="bbox 129 4417 1314 4499; baseline 0.004 -25"><span class='ocrx_word' id='word_1_405' title='bbox 129 4421 172 4475; x_wconf 83' lang='grc' dir='ltr'><em>δεῖ</em></span> <span class='ocrx_word' id='word_1_406' title='bbox 188 4421 217 4475; x_wconf 89' lang='grc' dir='ltr'><strong>Μ</strong></span> <span class='ocrx_word' id='word_1_407' title='bbox 304 4428 335 4477; x_wconf 82' lang='grc'><em>21</em></span> <span class='ocrx_word' id='word_1_408' title='bbox 354 4417 446 4498; x_wconf 82' lang='grc' dir='ltr'><em>λόγου</em></span> <span class='ocrx_word' id='word_1_409' title='bbox 465 4422 554 4498; x_wconf 77' lang='grc' dir='ltr'><em>ἀρετῇ</em></span> <span class='ocrx_word' id='word_1_410' title='bbox 572 4423 628 4498; x_wconf 73' lang='grc' dir='ltr'><em>ί-τὴ</em></span> <span class='ocrx_word' id='word_1_411' title='bbox 646 4427 686 4493; x_wconf 88' lang='grc' dir='ltr'><em>Μ)</em></span> <span class='ocrx_word' id='word_1_412' title='bbox 703 4427 773 4490; x_wconf 83' lang='lat' dir='ltr'>libri,</span> <span class='ocrx_word' id='word_1_413' title='bbox 791 4425 849 4494; x_wconf 87' lang='lat' dir='ltr'>ipse</span> <span class='ocrx_word' id='word_1_414' title='bbox 867 4426 972 4480; x_wconf 83' lang='lat' dir='ltr'><strong>correxi</strong></span> <span class='ocrx_word' id='word_1_415' title='bbox 988 4417 1088 4494; x_wconf 70' lang='grc' dir='ltr'><em>λόγους</em></span> <span class='ocrx_word' id='word_1_416' title='bbox 1107 4419 1195 4499; x_wconf 79' lang='grc' dir='ltr'><em>ἀρετὴ</em></span> <span class='ocrx_word' id='word_1_417' title='bbox 1214 4425 1314 4480; x_wconf 78' lang='lat' dir='ltr'>Reiske</span> 
     </span>
     <span class='ocr_line' id='line_1_42' title="bbox 128 4504 233 4576; baseline 0 -12"><span class='ocrx_word' id='word_1_418' title='bbox 128 4504 233 4576; x_wconf 82' lang='grc' dir='ltr'><em>ἡμῖνΡ</em></span> 
     </span>
    </p>
   </div>
   <div class='ocr_carea' id='block_1_6' title="bbox 0 0 1555 5160">
    <p class='ocr_par' dir='ltr' id='par_1_10' title="bbox 0 0 1555 5160">
     <span class='ocr_line' id='line_1_43' title="bbox 0 0 1555 5160; baseline 0 0"><span class='ocrx_word' id='word_1_419' title='bbox 0 0 1555 5160; x_wconf 95' lang='lat' dir='ltr'><em> </em></span> 
     </span>
    </p>
   </div>
  </div>
 </body>
</html>
