3068 5160
220 296 260 357 20
679 289 803 346 DIONIS
822 289 871 343 ΒΕ
889 287 1015 343 REGNO

219 465 324 530 πάλιν
340 464 376 529 ἀὲ
391 469 490 552 ῆρετο
508 467 607 527 αὐτὸν
624 467 643 525 ύ
660 461 848 541 Φίλιππος,
869 455 970 526 Ἀλλά
992 452 1204 545 τὸνὍμηρον
1225 460 1314 520 ούτω
1332 455 1487 543 σφόδρα,
1500 471 1527 521 (s

219 561 462 653 ὤἈλέξανάρε,
477 561 673 647 θαυμάζων,
690 573 765 640 πῶς
776 563 947 649 ὑπερορᾷς
960 565 1064 626 αύτού
1071 565 1130 648 τῆν
1144 563 1270 646 σοφίαν
1275 552 1390 638 ,·Ὅτι,
1408 562 1486 648 ἔφη,

218 673 275 734 καί
286 678 348 733 τού
354 663 559 748 Ὀλυμπίασι
570 671 710 753 κήρυκος
721 658 835 752 ἥδιστ’
853 669 894 728 ἀν
907 667 1065 745 ἀκούοιμι
1077 666 1312 751 φθεγγομένου
1324 669 1420 746 μέγα
1432 667 1488 728 καί

222 778 340 858 σαφές,
358 773 395 833 ού
410 775 527 850 μέντοι
540 771 714 853 κηρύττειν
733 766 918 852 ἐβουλόμην
935 769 1035 841 αύτύς
1050 770 1185 850 ἐτέρους
1200 773 1381 843 νικῶντας,
1400 764 1487 828 ἀλλά

172 875 211 938 18
221 872 308 935 πολύ
323 871 451 954 μᾶλλον
472 873 711 957 κηρύττεσθαι.
750 865 866 953 [ταῦτα
883 868 920 932 ἀέ
936 867 1040 951 λέγων
1054 870 1168 930 ἐποίει
1188 870 1336 954 φανερὸν
1354 870 1415 930 ὅτι
1430 871 1488 930 τὸν
1507 877 1519 923 1

219 978 280 1056 μὲν
289 968 436 1059 ’Όμηρον
451 969 582 1054 ἐνόμιζε
598 971 774 1052 δαιμόνιον
789 973 845 1033 καί
860 974 959 1034 θεῖον
974 969 1021 1053 τῷ
1038 973 1111 1032 ύντι
1125 972 1248 1055 κῆρυκα
1269 977 1332 1055 τῆς
1348 971 1489 1056 ἀρετῆς,

221 1079 322 1139 αὑτὸν
345 1074 381 1139 ἀὲ
403 1078 460 1139 καὶ
482 1078 560 1149 τούς
582 1073 707 1158 ἀνάρας
730 1075 876 1148 ἐκείνους
899 1070 1054 1157 ἀθλητάς
1075 1093 1111 1134 τε
1132 1073 1189 1133 καί
1204 1073 1405 1153 ἀγωνιστάς
1421 1079 1488 1134 τῶν

222 1175 332 1241 καλῶν
355 1180 460 1261 ἔργων
485 1171 621 1262 ἠγεῖτο]
663 1172 758 1237 ούάἐν
780 1180 898 1255 μέντοι
921 1177 1067 1251 άτοπον,
1097 1172 1208 1251 εἶπεν,
1239 1171 1426 1258 ὦπάτερ,
1459 1176 1489 1236 εί

221 1282 278 1344 καί
299 1282 446 1364 ποιητῆς
470 1277 603 1358 ἀγαθάς
631 1275 702 1361 εἴην
732 1280 945 1361 παρεχούσης
971 1284 1030 1360 τῆς
1054 1277 1204 1360 φύσεως·
1233 1275 1312 1336 ἐπεί
1341 1295 1404 1337 τοι
1433 1277 1489 1339 καὶ

222 1385 400 1466 ῥητορικῆς
434 1377 507 1441 ἀέοι
535 1379 576 1440 ἀν
603 1377 650 1460 τῴ
684 1375 828 1459 βασιλεῖ.
882 1380 921 1439 σύ
950 1385 1029 1459 γοῦν
1062 1378 1281 1461 ἀντιγράφειν
1313 1374 1488 1452 πολλάκις
1507 1381 1528 1432 1⁰

224 1475 400 1563 ἀναγκάζει
421 1482 478 1543 καὶ
493 1477 677 1562 ἀντιλέγειν
692 1480 922 1564 Δημοσθένει,
944 1476 1035 1560 μάλα
1053 1475 1151 1560 ἀεινῴ
1167 1479 1360 1562 ῥητορικαὶ
1376 1482 1487 1564 γόητι,

172 1581 211 1644 19
223 1585 279 1647 καί
299 1587 373 1657 τοῖς
395 1579 512 1657 ἀλλοις
534 1586 607 1656 τοῖς
625 1573 797 1667 Ἀθήνησι
814 1577 1100 1660 πολιτευομένοις.
1145 1580 1215 1641 Καὶ
1229 1577 1427 1666 ἐβουλόμην
1442 1600 1486 1662 γε,

221 1683 316 1747 εἶπεν
339 1685 358 1745 ὁ
382 1681 562 1757 Φίλιππος
584 1678 726 1762 παίζων,
750 1691 997 1768 παραχωρῆσαι
1016 1673 1216 1766 Ἀθηναίοις
1235 1672 1487 1766 Ἀμφιπόλεως

221 1787 295 1848 ἀντί
316 1793 375 1871 τῆς
396 1787 644 1871 Δημοσθένους
668 1782 869 1869 δεινότητος.
907 1781 991 1846 ἀλλά
1015 1792 1090 1858 πῶς
1105 1775 1252 1867 Ὅμηρον
1276 1781 1345 1844 οἴει
1370 1781 1486 1846 ἀιανο-

222 1888 342 1950 εἴσθαι
364 1891 444 1972 περὶ
466 1890 662 1974 ῥητορικῆς,·
684 1890 793 1949 Δοκεῖ
809 1906 879 1966 μοι,
903 1888 980 1971 ἔφη,
1003 1888 1040 1947 τά
1065 1893 1203 1969 πρᾶγμα
1226 1880 1437 1964 θαυμάζειν,
1460 1884 1485 1948 ὦ
1505 1893 1527 1941 15

222 1992 339 2074 πάτερ,
381 1991 419 2051 ού
448 1991 511 2074 γάρ
535 1988 644 2071 ἀντῷ
668 2010 704 2050 τε
723 1980 875 2066 Ἀχιλλεῖ
892 1984 1094 2050 ἀιάάσκαλον
1118 1984 1223 2068 λόγων
1252 1987 1404 2070 ἐπήγετο
1429 1989 1486 2049 τὸν

224 2093 366 2153 Φοίνικα
390 2093 488 2176 (φησὶ
508 2098 587 2172 γούν
609 2090 817 2176 πεμφθῆναι
840 2091 940 2152 αύτάν
962 2091 1029 2151 ὑπὸ
1053 2096 1114 2150 τού
1135 2090 1265 2173 πατρὸς

373 2193 496 2271 μύθων
519 2213 556 2254 τε
578 2183 699 2278 ῥητῆρ’
724 2194 841 2272 ἔμεναι
863 2194 1036 2278 πρηκτῆρά
1060 2211 1095 2252 τε
1118 2192 1246 2275 ἔργων.)

171 2285 292 2354 2οτῶν
315 2313 351 2354 τε
374 2290 484 2354 ἀλλων
507 2296 586 2367 τούς
608 2294 768 2378 ἀρίστους
789 2295 845 2354 καί
865 2290 1155 2374 βασιλικωτάτους
1177 2294 1340 2376 ἐποίησεν
1357 2293 1485 2354 ἐσπου-

224 2390 367 2468 ἀακύτας
391 2395 448 2473 ούχ
470 2394 570 2479 ῆττον
593 2395 673 2478 περὶ
701 2396 761 2479 τῆν
783 2394 942 2476 τοιαύτην
972 2390 1112 2473 δύναμιν
1118 2443 1128 2472 ,
1157 2397 1215 2455 τόν
1243 2413 1279 2455 τε
1301 2392 1486 2480 Διομήδην
1505 2399 1528 2450 11

222 2498 278 2557 καί
289 2485 452 2557 Ὀδυσσέα
474 2497 531 2557 καὶ
545 2497 713 2580 Νέστορα,
735 2503 854 2556 τοῦτον
873 2496 934 2573 μέν
955 2492 1210 2578 ὑπερβάλλοντα
1231 2503 1273 2580 τῆ
1293 2516 1329 2558 τε
1349 2501 1486 2559 συνέσει

375 2707 438 2760 τού
456 2701 513 2762 καί
535 2700 605 2760 ἀπὸ
629 2695 784 2781 γλώσσης
805 2693 942 2777 μέλιτος
964 2695 1105 2781 γλυκίων
1128 2703 1201 2782 ῥέεν
1225 2697 1325 2784 αύάῆ·

175 2798 212 2859 21
228 2801 314 2862 ὥστε
336 2802 393 2862 καί
414 2803 472 2863 τὸν
491 2792 721 2883 Ἀγαμέμνονα
738 2799 900 2879 εύχεσθαι
924 2797 1001 2861 δέκα
1023 2805 1183 2885 γέροντας
1199 2798 1288 2882 αύτῷ
1304 2803 1486 2875 τοιούτους

224 2899 312 2963 εἶναι
333 2898 459 2981 μᾶλλον
484 2897 692 2983 συμβούλους
712 2902 732 2985 ῆ
749 2901 943 2975 νεανίσκους
959 2901 1031 2976 οίος
1046 2905 1065 2964 ά
1079 2892 1111 2964 τ’
1130 2901 1226 2977 Αἴας
1239 2904 1296 2965 καὶ
1309 2896 1365 2986 <ύ>
1376 2896 1487 2982 Ἀχιλ
1505 2910 1528 2960 11

227 2998 311 3078 λεύς,
335 3004 381 3076 ὡς
403 3003 534 3064 θάττον
557 3003 597 3064 ἀν
620 2999 766 3087 ἀλούσης
787 3011 848 3088 τῆς
873 3005 1007 3087 Τροίας.
1044 3006 1101 3067 καί
1122 3007 1187 3090 μὴν
1204 3006 1242 3067 τύ
1257 3009 1410 3088 μέγεθος
1426 3019 1486 3096 τῆς

175 3101 215 3162 22
227 3103 307 3186 περὶ
334 3105 413 3178 τούς
442 3100 559 3186 λόγους
585 3104 701 3188 χρείας
730 3101 898 3189 ἐδήλωσεν
927 3106 961 3166 ἐν
984 3109 1096 3191 ἐτέρῳ.
1141 3113 1208 3169 τῶν
1237 3108 1300 3192 γάρ
1319 3100 1484 3196 Ἑλλήνων

225 3201 282 3265 ἀιά
305 3205 343 3264 τὸ
372 3213 477 3290 μῆκος
506 3213 569 3266 τού
596 3203 747 3285 πολέμου
774 3208 831 3268 καί
859 3208 918 3292 τῆν
937 3203 1153 3291 χαλεπότητα
1183 3217 1242 3294 τῆς
1268 3207 1483 3297 πολιορκίας,

224 3305 275 3366 ἔτι
298 3302 334 3366 ἀέ
359 3304 456 3386 οἶμαι
479 3303 535 3369 ἀιά
558 3309 618 3393 τῆν
640 3304 872 3389 ἐπιλαβοῦσαν
894 3311 995 3371 νόσον
1016 3310 1072 3372 καί
1087 3311 1145 3395 τῆν
1165 3313 1285 3373 στάσιν
1298 3319 1367 3376 τῶν
1382 3315 1483 3396 βασι·
1497 3333 1526 3385 με

313 3577 480 3654 Ιούτωςΰ
550 3579 609 3643 2ολ
626 3605 678 3644 om.
698 3589 756 3643 PW
835 3585 889 3661 ἔφη
907 3605 959 3643 om.
977 3589 1026 3643 UB
1110 3585 1216 3648 avebo
1231 3608 1281 3661 pro
1300 3596 1397 3651 rosv

226 3661 322 3736 ἥδιστ’
341 3668 378 3730 ἀν
396 3666 527 3743 ἀκούοιμ’
546 3669 583 3730 ἀν
601 3672 708 3729 UBPW
821 3673 1023 3744 φθεγκομένου
1039 3674 1061 3727 Ρ
1079 3690 1221 3730 moresne
1325 3685 1340 3734 5
1358 3686 1485 3740 πολλοῑσ

225 3756 261 3811 W
278 3762 381 3823 πολοῖς
398 3757 419 3811 Ρ
438 3758 596 3827 compendit)
682 3761 772 3815 ταῦτα
785 3787 816 3796 -
829 3751 925 3828 ἡγεῖτο
945 3759 1055 3814 seclusit
1072 3760 1137 3814 Wil.
1206 3765 1222 3815 6
1240 3757 1372 3831 ἐνόμιζεν
1392 3766 1415 3822 U

224 3848 327 3915 κηρῖκα
346 3841 367 3895 Ρ
437 3848 451 3896 7
470 3840 584 3900 ἐκείνου
601 3842 623 3895 Ρ
693 3846 708 3896 8
726 3841 825 3910 μέντοι
843 3843 949 3912 scripsi,
966 3844 1019 3914 μὲν
1037 3835 1088 3902 οὖν
1105 3845 1168 3901 libri
1237 3850 1261 3900 9.
1278 3843 1321 3919 εἴη
1338 3849 1415 3906 UBV

226 3925 410 3997 παρέχουσαν
427 3926 449 3979 Ρ
521 3932 551 3980 1ο
570 3926 628 3983 δέοι
646 3947 682 3982 αν
697 3946 734 3982 τα
747 3925 771 3980 V
783 3941 800 3980 a
811 3941 846 3979 m.
858 3943 900 3995 pr.
918 3931 998 3992 (corr.
1017 3929 1102 3985 literis
1121 3951 1157 3988 αν
1175 3930 1368 4001 superscripsit
1378 3924 1403 4000 ⁰,
1426 3940 1453 3990 et
1465 3956 1483 3992 α

224 4011 253 4065 in
271 4032 295 4066 ω
313 4011 436 4072 mutavit)
523 4006 712 4083 πολλάκησῑ]
800 4016 828 4065 11
854 4003 1011 4084 ἀντιλέγεισ
1028 4013 1103 4069 UBV
1190 4021 1221 4072 12
1245 4009 1423 4090 ἀθῆνηιοιῖ

227 4098 257 4148 13
280 4103 345 4151 τοῖο
366 4089 528 4166 Ἀθηναίοιο
554 4095 603 4150 UV
719 4100 750 4150 16
777 4091 814 4153 ἀν
840 4099 882 4171 τῷ
898 4088 1013 4167 Ἀχιλλεῖ
1038 4098 1098 4153 PW
1115 4095 1152 4157 ἀν
1169 4119 1242 4158 ποτε
1259 4095 1311 4174 Ἆχ.
1329 4103 1380 4159 UB

227 4183 257 4232 11
275 4180 451 4248 parenthesin
469 4178 556 4248 signif.
575 4179 639 4235 Wil.
724 4183 754 4234 18
772 4174 891 4249 ἔμμεναι
908 4182 967 4236 PW
1047 4183 1125 4239 Hom.
1143 4185 1174 4240 Il.
1194 4191 1213 4242 1
1228 4191 1278 4241 143
1365 4193 1398 4243 19
1415 4185 1483 4248 ἐπά-

226 4280 311 4334 νησεν
326 4263 386 4317 PW
457 4269 489 4319 20
508 4259 561 4321 τὸν
584 4265 614 4322 δέ
631 4264 705 4320 UBV
776 4261 894 4337 διομήδη
911 4266 959 4320 VB
1027 4271 1057 4321 21
1078 4272 1184 4326 τοῦτον
1200 4271 1300 4340 μέντοι
1315 4277 1366 4329 καί
1382 4273 1432 4330 UB

225 4345 335 4403 συνέσει
354 4367 385 4404 τε
402 4347 465 4414 (hoc
482 4348 552 4414 ord.)
569 4349 678 4405 UBPW
747 4352 779 4403 22
797 4354 882 4421 φησίν
899 4350 921 4404 Ρ
990 4355 1022 4405 23
1040 4351 1119 4407 Hom.
1138 4353 1170 4411 Il.
1190 4357 1214 4409 A
1232 4360 1281 4411 249
1351 4362 1385 4412 24
1403 4359 1482 4415 Hom.

225 4429 415 4499 1111311111.
487 4436 519 4486 25
538 4429 657 4489 οἵουολί
726 4424 776 4490 ὅτε
795 4434 866 4489 UVP
934 4429 989 4505 <ὃ>
1007 4436 1068 4492 add.
1086 4438 1151 4494 Wil.
