3068 5160
220 301 282 361 278
600 297 724 353 1³10le
743 295 793 350 AD
812 291 1101 350 ALEXANDRINOS

221 478 366 556 ίχθύων,
395 477 454 560 τήν
485 471 586 534 πόλιν
614 475 764 534 ἐπαινεῖ·
795 463 927 544 πόθεν;
957 465 1042 529 ἀλλά
1070 463 1253 527 θάλατταν
1279 465 1303 549 ἢ
1332 460 1490 548 λίμνηνή

222 574 387 657 ποταμόν.
425 578 520 656 ὑμεῖς
537 573 583 653 δέ,
607 576 648 636 ἀν
670 569 857 656 ἐγκωμιάζῃ
880 593 933 646 τις
955 573 1013 632 τόν
1029 565 1164 644 Νεῖλον,
1187 565 1411 651 ἐπαίρεσθε,
1436 567 1492 628 ὥσ-

223 701 286 763 περ
310 680 407 740 αὐτοὶ
428 680 562 762 ῥέοντες
584 677 655 738 ἀπὸ
678 676 891 750 Αἰθιοπίας.
937 670 1054 754 σχεδὸν
1077 668 1113 732 δὲ
1142 671 1200 732 καί
1222 675 1298 732 τῶν
1324 664 1445 731 ἀλλων
1466 672 1493 731 οἱ

223 780 362 855 πλείους
384 781 444 842 έπί
465 784 539 854 τοῖς
567 780 738 851 τοιούτοις
757 779 933 862 χαίρουσι,
962 778 1019 838 καί
1040 773 1228 856 μακαρίους
1250 773 1412 846 ἑαυτούς
1432 774 1492 856 κρί-

224 901 348 960 νουσιν,
372 884 412 944 ἀν
437 882 556 942 οἰκῶσι
577 871 662 941 καθ’
681 873 828 964 Ὅμηρον
854 887 955 964 νῆσον
982 874 1241 961 δενδρήεσσανῆ
1266 875 1434 956 βαθεῖαν
1457 868 1513 960 [ῆι

224 1007 299 1048 τινα
322 987 464 1069 ήπειρον
488 976 648 1066 [εὔβοτον
673 976 840 1066 εύμηλον,]
864 982 883 1065 ή
908 981 996 1064 πρὸς
1019 982 1114 1064 όρεσι
1138 982 1293 1061 σκιεροῖς
1320 978 1343 1061 ή
1371 981 1493 1061 πηγαῖς

225 1085 412 1168 διαυγέσιν·
437 1083 483 1146 ὥν
507 1081 603 1145 οὐδὲν
627 1080 715 1145 ἴδιόν
738 1085 831 1145 ἐστιν
854 1085 1005 1146 ἐκείνων·
1029 1083 1150 1166 ἀρετῆς
1173 1077 1208 1142 δὲ
1233 1077 1321 1142 οῦδὲ
1339 1082 1429 1164 όναρ
1446 1081 1491 1142 αὑ·

175 1187 299 1264 39τοῖς
320 1185 425 1269 μέλει.
524 1187 588 1267 ἐγὼ
614 1183 649 1247 δὲ
673 1188 802 1246 τούτων
824 1185 999 1270 ἐμνήσθην
1024 1184 1099 1245 ούτε
1121 1183 1205 1261 ὑμεῖς
1228 1183 1401 1259 ἐπαίρων
1426 1182 1492 1243 ούτι

224 1297 297 1365 τοῖς
328 1290 486 1373 συνήθως
514 1289 675 1367 ὑμνοῦσιν
703 1288 787 1349 αύτά
816 1289 977 1372 ῥήτορσιν
1005 1287 1025 1370 ή
1055 1288 1219 1369 ποιηταῖς
1252 1280 1493 1368 παραβάλλων

225 1394 379 1472 ἐμαυτόν.
418 1388 524 1452 δεινοί
545 1390 607 1473 γάρ
631 1391 755 1451 έκεῖνοι
775 1390 832 1451 καί
853 1383 995 1470 μεγάλοι
1019 1387 1184 1470 σοφισταί
1203 1386 1263 1448 καί
1287 1389 1435 1471 γόητες·
1457 1387 1522 1448 τάν

227 1486 260 1556 δ’
286 1497 430 1575 ήμέτερα
454 1489 566 1577 φαῦλα
589 1493 645 1553 καί
668 1486 753 1566 πεζά
776 1492 907 1565 ἐντοῖς
931 1487 1060 1571 λόγοις,
1092 1489 1129 1550 ού
1152 1491 1273 1568 μέντοι
1297 1490 1390 1574 περὶ
1413 1491 1492 1574 φαύ-

227 1592 302 1656 λων.
349 1589 403 1675 [τά
430 1596 492 1673 μὲν
519 1594 581 1676 γάρ
613 1589 772 1674 λεγόμενα
802 1592 886 1652 αὑτά
917 1593 954 1652 ού
977 1587 1105 1672 μεγάλα
1112 1639 1122 1669 ,
1152 1591 1233 1675 περί
1255 1592 1440 1673 μεγίστων
1461 1589 1491 1654 δὲ

227 1699 274 1771 ὡς
290 1696 362 1758 οἷόν
377 1688 436 1778 τε]
472 1696 529 1758 καί
544 1703 600 1757 νῦν
616 1693 716 1757 εἷπον
732 1695 773 1755 τά
793 1695 873 1777 περί
894 1702 954 1778 τῆς
977 1690 1121 1770 πόλεως,
1145 1689 1256 1768 δεῖξαι
1278 1690 1491 1774 βουλόμενος

226 1801 304 1878 ὑμῖν
327 1800 373 1872 ὡς
395 1801 460 1875 ό,τι
482 1799 522 1859 ἀν
545 1799 756 1882 ἀσχημονῆτε
780 1797 817 1857 ού
839 1798 951 1880 κρύφα
974 1797 1123 1877 γίγνεται
1138 1801 1238 1855 τοῦτο
1263 1786 1346 1858 οὐδ’
1374 1798 1413 1858 ἐν
1429 1792 1489 1858 όλί·

177 1899 218 1960 40
228 1921 317 1983 γοις,
345 1889 420 1961 ἀλλ’
454 1901 489 1961 έν
519 1901 649 1960 ἅπασιν
672 1900 885 1982 ἀνθρώποις.
931 1899 997 1982 ύρῶ
1021 1899 1083 1982 γάρ
1106 1897 1209 1978 ἔγωγε
1232 1898 1271 1958 ού
1295 1900 1411 1977 μόνον
1426 1889 1522 1961 ‘'Ei-1⁵

228 2001 330 2088 ληνας
352 1993 439 2086 παρ’
463 2003 541 2080 ὑμῖν
566 1993 640 2063 οὐδ’
661 1990 808 2074 Ἰταλούς
832 1997 908 2061 ούδὲ
925 2001 995 2060 ἀπὸ
1011 2006 1078 2061 τῶν
1094 1995 1241 2082 πλησίον
1256 2001 1404 2084 Συρίας,
1428 2003 1488 2064 Λι-

227 2105 326 2188 βύης,
349 2100 524 2180 Κιλικίας,
550 2100 627 2165 οῦδὲ
650 2105 729 2177 τούς
750 2105 836 2187 ὑπὲρ
859 2103 1005 2175 ἐκείνους
1028 2100 1216 2175 Αἰθίοπας
1240 2097 1322 2163 οὑδὲ
1341 2093 1489 2188 Ἄραβας

229 2203 314 2267 ἀλλά
336 2207 393 2266 καί
414 2207 603 2289 Βακτρίους
626 2206 683 2266 καί
704 2205 841 2279 Σκύθας
863 2206 920 2266 καί
940 2205 1079 2287 Πέρσας
1100 2205 1157 2265 καί
1175 2195 1287 2264 Ἰνδῶν
1313 2224 1433 2282 τινας,
1461 2206 1490 2266 οί

230 2308 442 2369 συνθεῶνται
462 2309 520 2369 καί
541 2309 702 2391 πάρεισιν
725 2309 884 2368 ἑκάστοτε
910 2309 1002 2384 ὑμῖν·
1032 2307 1119 2367 ὥστε
1144 2308 1240 2385 ὑμεῖς
1261 2306 1328 2384 μὲν
1352 2308 1489 2369 ἀκούετε

228 2411 319 2483 ἑνός,
348 2408 389 2468 ἀν
413 2409 499 2468 οὑτω
523 2410 618 2490 τύχη,
647 2405 861 2491 κιθαρῳδοῦ,
884 2410 940 2469 καὶ
961 2410 1081 2470 τούτου
1107 2407 1293 2492 συνήθους,
1319 2409 1524 2472 ἀκούεσθιῦ

229 2507 265 2572 δὲ
288 2511 356 2570 ὑπὸ
379 2511 509 2592 μυρίων
532 2510 644 2571 ἐθνῶν
669 2510 726 2570 οὑκ
748 2511 986 2589 ἐπισταμένων
1009 2513 1106 2590 ὑμᾶς,
1128 2510 1185 2571 καί
1203 2510 1302 2593 δρᾶτε
1318 2512 1383 2591 μὲν
1399 2517 1489 2597 τρεῖς

227 2613 247 2696 ἢ
271 2615 435 2695 τέτταρας
456 2614 626 2696 ήνιόχους,
653 2611 782 2695 ὁρᾶσθε
805 2608 841 2672 δὲ
863 2613 931 2672 ὑπὸ
955 2615 1126 2674 τοσούτων
1148 2613 1209 2691 μὲν
1226 2603 1412 2698 Ἑλλήνων,
1435 2633 1489 2676 το·

179 2713 217 2773 41
231 2716 360 2776 σούτων
384 2711 419 2776 δὲ
442 2714 632 2797 βαρβάρων.
746 2715 781 2775 τί
803 2714 860 2776 οὑν
884 2712 1003 2776 οἴεσθε
1025 2717 1166 2790 τούτους
1187 2716 1248 2778 ε’πί
1269 2723 1332 2801 γῆς
1351 2718 1487 2798 πέρατα

229 2813 397 2889 ἐλθόντας
425 2811 531 2896 λέγειν
538 2838 550 2890 ,·
581 2816 638 2893 ούχ
668 2817 714 2889 ὡς
736 2812 838 2877 πόλιν
865 2813 999 2896 εἴδομεν
1022 2817 1063 2877 τά
1086 2820 1147 2896 μὲν
1170 2814 1256 2879 ἀλλα
1280 2817 1489 2902 θαυμαστήν

228 2919 286 2979 καί
307 2924 373 2978 τῶν
397 2918 627 2999 ἀνθρωπίνων
649 2917 834 2997 θεαμάτων
857 2921 995 2981 πάντων
1025 2923 1175 3003 κρεῖττον
1206 2919 1345 2999 θέαμα,
1373 2922 1488 3001 κόσμῳ
1509 2929 1528 2978 ii

230 3039 266 3080 τε
283 3019 453 3101 ἱερῶνκαὶ
468 3015 599 3102 πλήθει
615 3015 767 3082 πολιτῶν
781 3022 838 3083 καί
860 3028 926 3083 τῶν
943 3017 1147 3105 ἐπιτηδείων
1163 3021 1360 3105 περιουσίην,
1377 3024 1491 3083 πάντα

231 3120 378 3202 ἀκριβῶς
401 3115 588 3194 διεξιόντας
611 3123 657 3196 ὡς
680 3123 720 3183 ἀν
745 3119 911 3185 δύνωνται
932 3128 1006 3198 τοῖς
1022 3125 1141 3200 αὑτῶν,
1166 3125 1187 3183 ά
1208 3125 1266 3185 καί
1287 3125 1413 3208 μικρὸν
1437 3125 1491 3204 ἔμ-

231 3222 387 3303 προσθεν
421 3219 536 3299 εἶπον,
566 3223 608 3283 τά
631 3231 692 3285 τοῦ
712 3221 838 3286 Νείλου
860 3227 917 3286 καί
938 3233 998 3309 τῆς
1016 3227 1130 3309 χώρας
1150 3225 1208 3286 καί
1229 3232 1289 3310 τῆς
1310 3223 1492 3311 θαλάττης

229 3324 349 3384 καὶτὸ
383 3327 542 3404 μέγιστον
570 3328 630 3411 τήν
659 3328 865 3411 ἐπιφάνειαν
895 3335 957 3388 τοῦ
982 3327 1085 3389 θεοῦ·
1118 3330 1325 3410 μαινομένην
1356 3325 1394 3391 δὲ
1424 3330 1491 3391 ὑπὸ

231 3417 321 3510 ᾠδῆς
342 3426 399 3486 καί
421 3422 554 3509 δρόμων
579 3430 730 3491 ἱππικῶν
752 3431 810 3491 καί
831 3426 935 3514 μηδὲν
951 3425 1047 3506 ἀξιον
1066 3431 1283 3513 πράττουσαν
1300 3431 1336 3491 έν
1353 3433 1492 3506 τούτοις
1509 3438 1528 3488 θ

231 3532 369 3612 ἑαυτῆς,·
393 3529 426 3588 οἱ
447 3529 509 3611 γάρ
533 3531 718 3613 άνθρωποι
739 3533 883 3607 θύοντες
904 3536 965 3611 μέν
989 3532 1058 3593 είσι
1072 3535 1206 3614 μέτριοι
1219 3532 1276 3594 καί
1290 3528 1492 3612 βαδίζοντες
1502 3545 1528 3596 (ii

317 3777 456 3849 1ἐνιαινῆ
478 3782 504 3850 (η
526 3793 560 3832 ex
577 3798 601 3834 ει
620 3795 687 3833 corr.
705 3795 722 3834 a
740 3797 775 3834 m.
792 3785 844 3848 pr.)
864 3780 913 3834 UT
1000 3776 1211 3851 2ἐνιαίρεσθαι
1233 3780 1264 3834 Μ
1371 3783 1494 3856 θρῖον-

230 3863 328 3918 τεσΤ
431 3865 592 3920 ὅκαθείαν
614 3864 656 3931 Μς
685 3860 840 3934 ήεεολιιείί
862 3863 927 3918 Wii.
1031 3861 1195 3936 δεύβοτύν
1218 3886 1249 3923 τε
1273 3871 1324 3924 καὶ
1347 3867 1425 3925 UBT

231 3962 265 4001 ex
281 3946 362 4003 Hom.
381 3947 430 4003 Od.
442 3948 494 4004 XV
505 3952 643 4004 403—406
660 3949 825 4017 interpolata
841 3948 1003 4018 proscripsit
1020 3949 1083 4003 Wil.
1161 3957 1189 4006 11
1204 3956 1258 4023 ιῆσ
1268 3968 1319 4021 pro
1334 3965 1403 4013 τοῖσ
1414 3955 1448 4011 Μ

233 4027 312 4090 12τά
325 4033 378 4101 μὲν
389 4028 570 4105 γὰρ-οἶόν
581 4055 613 4092 τε
625 4036 754 4102 suspecta
765 4033 894 4103 Emperio
953 4039 984 4089 13
998 4029 1041 4091 ὥσ
1053 4034 1207 4093 οῖὀνταιΜ
1261 4040 1444 4112 14κρίφαΜ

232 4121 264 4170 16
283 4114 327 4175 διὰ
351 4119 454 4175 τέλουσ
470 4135 520 4189 pro
545 4112 608 4176 οὐδ’
631 4114 757 4176 Ἰταλοὺσ
775 4118 804 4171 Μ
822 4135 856 4174 m.
875 4135 917 4187 pr.
1004 4124 1063 4176 τῶν
1084 4123 1212 4193 πλησίων
1230 4121 1279 4178 ΠΤ
1380 4128 1496 4199 Συρίας

232 4206 362 4270 Κιλικίας
379 4201 486 4277 Λιβύης
505 4204 623 4270 Geelius,
642 4207 779 4271 Κιλικίας,
797 4206 915 4278 Συρίας,
932 4201 1040 4278 Λιβύης
1051 4205 1195 4275 Emperius
1283 4213 1313 4262 17
1334 4202 1401 4266 οὐδ’
1420 4206 1497 4281 ὑπὲρ

231 4285 303 4343 τυὺσ
319 4288 390 4352 (hoc.
409 4289 478 4352 ord.)
496 4289 546 4344 UT
618 4293 649 4345 18
667 4291 846 4362 βακτηρίουσ
863 4291 893 4344 M
967 4295 998 4344 20
1019 4280 1115 4348 ούτωσ
1132 4291 1162 4344 Μ
1246 4296 1299 4349 τοῦ
1315 4309 1366 4362 pro
1387 4293 1498 4356 τούτου

230 4371 301 4438 libri,
320 4388 390 4428 corr.
409 4372 510 4427 Reiske
579 4378 611 4428 22
632 4368 760 4446 δρᾶσθαι
777 4375 808 4429 Μ
877 4379 910 4429 24
928 4371 1027 4444 ἴδομεν
1044 4375 1092 4432 UB
1163 4381 1195 4432 26
1213 4380 1378 4449 περιουσίαν
1396 4381 1427 4435 Μ

233 4460 265 4509 30
283 4455 315 4512 έν
333 4468 399 4514 τοῑσ
415 4457 486 4524 libri,
504 4474 575 4514 corr.
594 4459 701 4514 Selden.
772 4465 802 4514 31
824 4457 940 4517 ἑαυτοῖσ
957 4460 1006 4516 UB
