3068 5160
637 305 773 362 ORATIO
792 305 839 360 XI.
1303 313 1362 371 151

112 479 253 562 ἀρίστης
276 485 335 562 τής
360 481 438 561 περὶ
460 482 518 540 τόν
538 471 701 562 Ἀδρίαν·
724 480 870 556 Αἰνείας
893 480 929 544 δέ
953 485 1066 565 πάσης
1084 474 1227 558 Ἰταλίας
1249 486 1363 565 ἐβασί-

111 576 207 642 λευσε
221 581 278 642 καλ
299 575 400 640 πόλιν
417 572 518 662 ηλκισε
533 583 593 666 τήν
608 584 767 667 μεγίστην
784 577 926 666 πασῶν].
964 577 1080 666 [ταῦτα
1098 581 1133 646 δέ
1151 587 1208 646 οὐκ
1223 589 1312 662 εἰκός
1327 585 1366 672 ήν
1385 589 1443 652 139

110 679 239 765 πρᾶξαι
255 678 409 767 φυγάδας
420 683 629 767 ἀνθρώπους
642 685 699 745 καὶ
713 690 789 760 ταῖς
801 684 939 748 οἴκοθεν
956 683 1145 771 ξυμφοραῖς
1159 685 1363 773 καταβεβλη-

109 790 240 866 μένους,
265 775 340 844 ἀλλ’
366 785 509 866 ἀγαπᾶν,
540 783 645 859 εἴτις
668 786 790 861 αὐτούς
812 786 865 848 εἴα
880 793 1064 850 κατοικεῖν·
1088 785 1199 864 άλλως
1221 811 1257 851 τε
1279 793 1363 870 μετά

72 897 87 944 ε
110 888 216 961 ποίας
239 888 397 971 ἀφορμῆς
420 887 648 971 ἀφικομένους
659 891 840 972 χρημάτων
862 891 881 974 ἢ
900 896 1058 974 στρατιάς
1082 887 1138 953 διά
1161 895 1273 970 μέσων
1296 900 1364 954 τῶν

109 987 284 1069 πολεμίων
301 990 497 1074 φεύγοντας,
520 991 804 1076 ἐμπεπρησμένης
818 1000 878 1077 τῆς
901 989 1043 1069 πόλεως,
1068 995 1204 1055 πάντων
1228 991 1363 1056 ἀπολω-

113 1088 228 1168 λότων,
251 1095 338 1154 ὅπου
358 1086 509 1169 χαλεπόν
531 1087 570 1175 ήν
593 1091 634 1152 τά
659 1094 799 1171 σώματα
823 1086 907 1155 αὐτά
931 1091 1103 1156 διασῶσαι
1130 1097 1209 1169 τούς
1232 1097 1362 1174 ἰσχύον-

110 1213 170 1267 τας
192 1195 248 1256 καὶ
263 1197 367 1268 νέους,
391 1184 467 1252 ἀλλ’
494 1184 531 1253 οὐ
555 1194 639 1272 μετά
656 1192 800 1271 παίδων,
823 1203 987 1276 γυναικῶν
1002 1199 1058 1259 καί
1073 1201 1196 1277 γονέων
1211 1200 1268 1259 καὶ
1283 1189 1374 1283 χρη-’

110 1296 224 1372 μάτων
248 1295 527 1370 ἀπανίστασθαι,
555 1297 737 1357 καὶταῦτα
761 1294 932 1382 ἀδοκήτως
961 1319 998 1360 τε
1024 1299 1081 1360 καλ
1104 1291 1188 1382 παρ’
1221 1297 1302 1362 ἐλπ
1289 1298 1364 1375 δας

60 1403 90 1456 10
111 1392 257 1481 ἀλούσης
271 1406 331 1482 τῆς
347 1394 489 1474 πόλεως,
507 1389 566 1475 οὐχ
584 1398 699 1483 ώσπερ
716 1419 731 1460 ε
734 1399 866 1460 ἐώθασι
880 1399 965 1459 κατά
983 1396 1135 1473 σπονδάς
1149 1393 1225 1462 κατ’
1251 1400 1305 1463 όλί
1293 1404 1363 1484 ίγον

111 1480 295 1573 ἐκλείπειν;
318 1495 402 1559 ἀλλά
425 1501 463 1560 τύ
486 1502 662 1580 γενόμενον
687 1498 827 1562 δυνατόν
849 1494 1034 1584 γενέσθαι]
1084 1503 1142 1563 τόν
1172 1495 1232 1564 δέ
1232 1495 1361 1587 Έκτορά
1382 1509 1443 1569 140

112 1617 226 1684 φασιν,
251 1603 297 1675 ώς
319 1597 539 1662 ἀπέπλευσαν
559 1603 592 1662 οἱ
605 1593 751 1703 Ἀχαιοί,
730 1599 907 1664 ίπολλοῦ
927 1599 1086 1687 πλήθους
1108 1605 1157 1678 εἰς
1179 1606 1239 1689 τήν
1262 1603 1363 1668 πόλιν

112 1698 379 1786 συνεληλυθότος
400 1705 456 1765 καί
478 1699 562 1787 μηδέ
577 1710 644 1765 τῶν
666 1698 855 1788 επικούρων
871 1706 1012 1766 ἀπιέναι
1027 1702 1274 1785 βουλομένων
1255 1710 1363 1770 απάν-

110 1824 186 1881 των,
209 1806 260 1867 ἐτι
284 1803 319 1867 δέ
336 1803 464 1888 ύρώντα
479 1807 538 1866 τόν
552 1803 698 1867 Αἰνείαν
721 1798 780 1867 οὐκ
796 1807 1004 1886 ἀνεχόμενον,
1028 1809 1058 1868 εἰ
1079 1809 1123 1893 μή
1146 1812 1248 1892 μέρος
1265 1805 1364 1889 λάβοι

58 1911 87 1964 15
109 1913 169 1990 τής
197 1907 313 1991 ἀρχῆς·
344 1915 449 1969 ταῦτα
476 1907 538 1991 γάρ
567 1908 786 1986 ὑποσχέσθαι
813 1910 871 1969 τόν
894 1909 1052 1992 Πρίαμον
1081 1901 1171 1990 αὐτῷ
1203 1908 1362 1973 διαπολε-

110 2010 257 2092 μήσαντι
278 2012 336 2070 τόν
360 2006 587 2087 πόλεμονκαὶ
615 2006 791 2090 ἐκβαλόντι
818 2011 897 2084 τούς
915 2000 1098 2089 Ἀχαιούς·
1129 2013 1215 2072 οὕτω
1241 2010 1278 2098 δή
1303 2015 1362 2098 τήν

10 2119 53 2174 ζιεο
65 2121 97 2173 Μ)
112 2110 273 2172 ἀποικίαν
298 2108 429 2172 στεῖλαι
447 2113 628 2195 χρημάτων
651 2131 687 2172 τε
711 2112 749 2171 οὐ
766 2114 971 2196 φεισάμενον
993 2115 1050 2175 καὶ
1072 2109 1209 2198 πλῆθος
1232 2116 1362 2175 δπόσον

111 2212 211 2285 αὐτὸς
244 2209 400 2292 ἐβούλετο
437 2217 623 2294 πέμψαντα
653 2213 737 2292 μετά
769 2216 883 2298 πάσης
917 2214 1126 2298 προθυμίας.
1186 2212 1292 2296 λέγειν
1326 2213 1361 2277 δὲ
1381 2220 1439 2280 141

111 2315 211 2375 αὐτόν
234 2316 279 2389 ώς
301 2310 397 2390 ἄξιος
418 2317 479 2393 μέν
502 2314 553 2398 εἴη
570 2312 761 2395 βασιλεύειν
775 2317 833 2377 καλ
846 2313 950 2400 μηδὲν
972 2313 1236 2401 καταδεεστέραν
1260 2319 1361 2403 ἀρχήν

56 2425 86 2477 10
110 2417 197 2494 ἔχειν
219 2423 278 2501 τής
301 2418 412 2492 αὐτοῦ,
436 2419 619 2502 προσήκειν
636 2415 671 2478 δέ
686 2413 814 2497 μᾶλλον
830 2422 947 2501 ἑτέραν
961 2419 1158 2502 κτήσασθαι
1175 2427 1249 2504 γήν·
1273 2418 1361 2482 εἷναι

108 2519 170 2599 γάρ
195 2519 252 2579 οὐκ
274 2515 440 2580 ἀδύνατον
456 2521 570 2604 πάσης
592 2527 757 2605 κρατήσαι
775 2527 834 2604 τής
850 2519 1032 2604 Εὐρώπης·
1055 2522 1184 2582 τούτων
1202 2517 1237 2582 δέ
1255 2523 1361 2596 οὐτως

107 2625 293 2701 γενομένων
322 2617 404 2682 ἐλπ
391 2617 466 2695 δας
494 2622 581 2699 ἐχειν
616 2623 695 2695 τούς
724 2610 787 2681 ἀπ’
821 2621 930 2682 αὐτῶν
966 2623 1079 2705 ἀρχειν
1114 2626 1273 2707 ἑκατέρας
1301 2632 1360 2709 τής

99 2723 268 2839 ήπείροο,
302 2714 362 2807 εφ’
394 2726 474 2785 δσον
503 2725 543 2784 ἀν
574 2719 721 2809 σώζηται
749 2724 787 2785 τδ
817 2727 920 2803 γένος.
976 2729 1081 2784 ταῦτα
1111 2721 1149 2809 δή
1186 2721 1361 2801 αξιουντος
1380 2729 1439 2789 142

99 2815 256 2909 Έκτορος
279 2821 425 2887 ἑλέσθαι
446 2827 504 2886 τδν
527 2824 580 2886 Al
567 2826 689 2902 ί,νείαν
717 2825 758 2886 τά
781 2827 842 2904 μέν
864 2827 977 2906 ἐκείνῳ
999 2821 1235 2909 χαριζόμενον,
1258 2824 1359 2889 τάδέ
1399 2858 1400 2861 “
1434 2833 1456 2867 ³·

56 2934 85 2985 15
106 2921 287 3002 ἐλπίζοντα
316 2921 479 3006 μειζόνων
509 2924 708 3003 τεύξεσθαι·
739 2928 845 3002 ούτως
869 2925 907 3012 δή
931 2929 990 3013 τήν
1014 2928 1176 2989 ἀποικίαν
1197 2930 1360 3010 γενέσθαι

108 3031 177 3090 ἀπό
202 3031 317 3108 ίσχύος
338 3031 396 3092 καλ
419 3031 634 3114 φρονήματος
655 3031 724 3090 ύπό
746 3050 783 3091 τε
799 3029 995 3112 ἀνθρώπων
1011 3031 1234 3109 εὐτυχούντων
1251 3050 1360 3114 παρα-

105 3134 215 3215 χρῆμά
239 3152 274 3193 τε
298 3129 486 3216 δυνηθῆναι
507 3133 563 3193 καί
579 3133 628 3206 είς
643 3131 757 3206 αὐθις.
797 3133 926 3215 δρῶντα
950 3128 986 3192 δέ
998 3120 1191 3216 Ἀντήνορα
1214 3130 1360 3194 Αἰνείαν

110 3228 328 3311 στελλόμενον
342 3235 398 3295 καὶ
414 3234 514 3294 αὐτόν
529 3233 747 3318 ἐπιθυμῆσαι
761 3233 927 3316 Εὐρώπης
949 3229 1106 3316 ἐπάρξαι,
1128 3235 1184 3294 καλ
1198 3234 1360 3314 γενέσθαι

110 3329 229 3394 στόλον
252 3331 353 3396 ἀλλον
381 3343 545 3396 τοιοῦτον.
597 3337 684 3418 πρός
714 3331 749 3396 δέ
778 3337 912 3408 τούτοις
944 3331 1145 3414 ἐγκαλοῦντα
1160 3327 1291 3398 Ἕλενον
1314 3339 1360 3411 ὡς

54 3443 85 3494 10
107 3431 348 3514 ἐλαττούμενον
371 3437 552 3520 Δηιφόβου
576 3433 742 3522 δεηθῆναι
764 3443 825 3496 τοῦ
853 3438 998 3519 πατρός,
1026 3438 1083 3498 καὶ
1112 3433 1257 3517 λαβόντα
1280 3446 1360 3512 ναῖς

105 3538 161 3598 καλ
185 3538 346 3621 στρατιάν
369 3540 416 3612 ώς
438 3527 494 3623 ἐφ’
527 3542 663 3618 ύτοιμον
685 3541 744 3624 τήν
763 3529 901 3599 Ἑλλάδα
931 3534 1076 3599 πλεῦσαι
1105 3540 1162 3600 καλ
1182 3544 1360 3617 κατασχεῖν

105 3636 185 3724 ὅλην
200 3634 296 3724 (τήν>
311 3638 506 3704 ἔκσπονδον.
547 3642 633 3702 οὕτω
651 3638 689 3725 δή
706 3642 762 3702 καί
776 3637 953 3725 Διομήδην
969 3642 1135 3725 φεύγοντα
1152 3637 1188 3716 ἐξ
1198 3631 1360 3724 Ἄργους,
1380 3647 1440 3707 143

106 3740 224 3828 ἐπειδή
243 3745 300 3804 τόν
316 3742 460 3805 Αἰνείου
478 3740 598 3805 στόλον
613 3744 775 3820 ἐπύθετο,
791 3739 908 3805 ἐλθεῖν
921 3743 1011 3826 πρός
1027 3742 1136 3818 αὐτόν,
1154 3744 1212 3804 άτε
1228 3744 1360 3827 εἰρήνης

1309 3885 1361 3893 a·—

193 3951 336 4031 5ποιήασ
354 3959 383 4011 Μ
453 3962 649 4031 στρατείασΜ
718 3955 762 4016 διὰ
779 3959 871 4028 μέσον
883 3958 964 4014 UTM
1017 3951 1123 4015 8ἀλλά
1140 3953 1213 4029 μετὰ
1232 3962 1295 4025 (om.
1315 3952 1360 4025 οὐ)

106 4043 194 4110 UBM,
212 4037 278 4102 ἀλλ’
297 4041 331 4102 οὐ
350 4039 422 4112 μετὰ
445 4043 468 4098 Τ
555 4048 696 4116 γυναικῶν
719 4047 768 4100 καί
790 4040 907 4101 νέωνΤ
994 4047 1009 4097 9
1031 4039 1244 4100 ἐπανίστασθαι
1262 4044 1292 4097 Μ

107 4132 137 4182 18
156 4123 231 4201 λέγει
250 4127 280 4180 Μ
350 4132 382 4182 10
401 4131 456 4200 γῆο
472 4128 502 4182 Μ
572 4134 604 4186 11
625 4120 741 4188 αὐτωΒ
816 4131 848 4182 11
866 4124 962 4201 ἀρξειν
982 4127 1121 4183 Schwartz
1191 4131 1224 4184 14
1241 4125 1360 4185 ἑλέσθαι

97 4204 242 4286 (Έκτοροσ
259 4213 329 4280 libri,
349 4228 419 4268 corr.
438 4213 508 4270 Mor.
579 4218 611 4268 15
630 4204 706 4272 αὐτα
723 4212 772 4269 ΒΤ
824 4216 856 4267 11
875 4205 1058 4284 ἀντίνοραῐ]
1112 4216 1143 4266 19
1162 4209 1262 4270 ἓλενοσ
1280 4214 1309 4266 Μ

106 4301 138 4353 31
158 4301 312 4369 στρατείαν
328 4297 359 4352 Μ
435 4288 591 4357 ε1ύλινσ
677 4293 729 4370 τήν
745 4297 808 4352 οὐδ.
826 4295 927 4352 Relske
1013 4300 1045 4350 33
1064 4293 1118 4352 τὸν
1133 4291 1235 4353 ’4ίυεία
1253 4296 1360 4354 στόλον
1457 4368 1460 4372 Δ

106 4378 231 4438 ἐπύθετο
244 4383 273 4437 Μ
291 4377 345 4440 τὸν
361 4383 477 4440 Αἰνείαν
494 4378 589 4457 στόλῳ
606 4378 731 4441 ἐπύθετο
749 4384 773 4437 Β
791 4379 845 4438 τὸν
863 4380 981 4438 Αἰνείαν
997 4377 1122 4438 ἐπύθετο
1146 4377 1289 4438 σιόλονῑλ
1307 4379 1360 4439 τὸν

107 4465 223 4522 Αἰνείαν
242 4463 366 4526 ἐπύθετο
385 4465 481 4526 στόλοι
499 4468 543 4538 T„
562 4466 679 4525 Αἰνείου
697 4468 804 4522 Geelius
