3068 5160
212 317 272 377 150
688 313 810 370 DIONIS
829 312 993 369 TROIANA

212 488 471 574 πεπλανημένος
492 492 549 552 καί
572 491 658 573 πρός
681 487 736 550 όλ
723 491 794 570 γον
818 489 970 574 ἀφίκετο.
1007 483 1176 573 γήμαςδέ
1199 488 1259 571 τήν
1285 495 1348 550 τού
1368 489 1469 569 βασι·

213 590 296 666 λέως
318 592 491 676 θυγατέρα
513 593 570 654 καὶ
593 588 776 675 διηγήσατο
800 595 874 665 τοῖς
890 593 1017 670 ἱερεῦσι
1032 589 1074 650 τά
1090 596 1149 673 τῆς
1166 591 1347 672 στρατείας
1364 590 1470 651 ούθέν

213 696 522 777 ἀποκρυπτόμενος.
558 686 605 775 [oi
628 690 666 754 δέ
689 709 795 778 φασιν
818 696 871 754 ότι
889 693 945 754 καί
959 694 1019 777 τήν
1037 681 1166 775 Ἑλένην
1189 691 1322 753 ἐκεῖθεν
1338 687 1469 771 ἐλαβεν,

214 793 311 876 λόγον
334 796 494 856 ἁπάντων
518 796 765 857 ἀπιστότατον·
794 799 880 868 τέως
910 792 945 856 δέ
976 790 1162 855 ἐλάνθανεν
1185 789 1327 855 εἴδωλον
1350 795 1389 854 ἐκ
1411 801 1471 878 τῆς

216 897 341 981 Τροίας
362 896 462 974 έχων·
486 898 505 957 ό
526 916 563 957 τε
586 894 735 976 πόλεμος
760 897 952 981 συνεστήκει
974 897 1054 980 περὶ
1068 892 1211 958 εἰδώλου
1226 896 1268 957 τά
1286 891 1366 957 δέκα
1391 887 1471 978 ἐτη]
1494 906 1508 955 5

137 1000 196 1063 136
214 994 330 1076 σχεδόν
354 993 389 1058 δέ
411 998 468 1059 καί
483 989 630 1082 Ὅμηρος
653 1000 837 1060 ἐπίσταται
859 1004 958 1058 τούτο
980 999 1037 1058 καί
1053 999 1249 1074 αἰνίττεται,
1274 998 1390 1082 φήσας
1412 998 1472 1058 τὸν

212 1096 389 1161 Μενέλαον
411 1101 495 1180 μετά
518 1102 578 1185 τήν
600 1097 755 1186 τελευτήν
776 1101 844 1162 ύπδ
860 1105 927 1161 τῶν
942 1099 1035 1160 θεῶν
1050 1101 1100 1175 εἰς
1115 1103 1153 1162 τό
1165 1091 1324 1161 Ἠλύσιον
1347 1095 1471 1160 πεδίον

212 1202 428 1287 πεμφθῆναι,
451 1205 538 1264 ὅπου
561 1204 644 1286 μήτε
667 1204 805 1287 νιφετός
820 1203 968 1283 γίγνεται
984 1202 1067 1286 μήτε
1079 1203 1226 1281 χειμών,
1240 1192 1317 1263 ἀλλ’
1344 1201 1471 1284 αἰθρία

213 1295 260 1366 δι’
285 1304 382 1378 ἐτους
403 1305 459 1365 καὶ
482 1301 594 1387 πρᾷος
610 1305 688 1387 ἀήρ·
713 1306 731 1365 ό
752 1305 814 1384 γάρ
837 1305 897 1365 ἐπὶ
912 1311 970 1388 τῆς
985 1301 1168 1384 Αἰγύπτου
1183 1306 1291 1378 τόπος
1313 1305 1472 1377 τοιοῦτός

212 1407 313 1466 ἐστιν.
360 1401 498 1467 δοκοῦσι
521 1402 559 1466 δέ
579 1425 640 1484 μοι
660 1407 803 1467 καὶτῶν
825 1407 964 1489 ύστερον
980 1413 1133 1490 ποιητῶν
1148 1427 1237 1480 τινες
1251 1408 1473 1468 ὑποπτεῦσαι
1495 1415 1520 1466 10

211 1506 253 1566 τά
277 1506 469 1588 πράγματα.
509 1509 569 1592 τήν
591 1508 653 1591 γάρ
673 1499 803 1591 Ἑλένην
826 1503 1116 1592 ἐπιβουλευθῆναι
1137 1510 1198 1588 μέν
1220 1509 1288 1570 ὑπὸ
1309 1498 1469 1592 Ὀρέστου

213 1604 301 1687 λέγει
323 1627 375 1681 τις
397 1614 464 1670 τῶν
486 1606 751 1692 τραγῳδοποιῶν
775 1609 879 1683 εὐθύς
903 1605 1083 1687 ἐλθοῦσαν,
1106 1611 1270 1692 γενέσθαι
1293 1606 1329 1672 δὲ
1353 1611 1469 1694 ἀφανῆ

211 1715 278 1770 τῶν
301 1705 459 1793 ἀδελφῶν
481 1711 725 1795 ἐπιφανέντων.
779 1718 879 1771 τοῦτο
910 1707 945 1772 δὲ
977 1711 1035 1772 οὐκ
1057 1713 1098 1775 ἀν
1121 1732 1205 1774 ποτε
1227 1712 1408 1796 ἐποίησεν,
1440 1712 1470 1772 εἰ

212 1812 371 1896 ἐφαίνετο
394 1814 414 1892 ή
426 1803 534 1895 Ἑλένη
550 1813 780 1896 κατοικήσασα
804 1814 943 1896 ύστερον
966 1814 1002 1874 έν
1024 1821 1066 1898 τῇ
1077 1805 1208 1876 Ἑλλάδι
1221 1814 1278 1876 καί
1292 1834 1340 1895 τῳ
1328 1811 1469 1874 Μ-ενε

135 1917 194 1980 137
213 1910 281 1994 λάῳ
307 1920 461 1974 συνοῦσα.
574 1913 615 1974 τά
638 1916 699 1994 μέν
682 1911 761 1999 νδή
786 1921 853 1976 τῶν
872 1905 1034 1999 Ἑλλήνων
1056 1915 1140 1994 μετά
1163 1917 1221 1977 τόν
1244 1912 1397 1996 πόλεμον
1420 1917 1470 1989 εἰς
1491 1926 1518 1977 15

211 2025 310 2079 τούτο
333 2013 420 2100 ήλθε
444 2013 622 2094 δυστυχίας
643 2017 700 2077 καί
721 2019 982 2101 ταπεινότητος,
1012 2017 1054 2078 τά
1078 2014 1113 2078 δέ
1099 2018 1203 2079 ἐτῶν
1228 2019 1356 2100 Τρώων
1380 2013 1469 2077 πολύ

210 2121 384 2202 κρείττονα
406 2120 463 2180 καί
484 2114 726 2201 ἐπικυδέστερα
749 2119 889 2198 ἐγένετο.
938 2126 1038 2180 τούτο
1061 2120 1121 2198 μὲν
1144 2118 1205 2201 γάρ
1229 2118 1377 2194 Αἰνείας
1399 2120 1468 2180 ύπδ

203 2213 359 2303 Ἕκτορος
388 2220 565 2304 πεμφθεὶς
599 2219 683 2298 μετά
714 2216 835 2281 στόλου
869 2223 926 2283 καὶ
962 2217 1133 2300 δυνάμεως
1168 2217 1298 2306 πολλῆς
1322 2211 1468 2282 Ἰταλίαν

211 2326 349 2399 κατέσχε
365 2323 424 2406 τήν
440 2318 744 2404 εὐδαιμονεστάτην
756 2324 870 2405 χώραν
885 2330 945 2407 τῆς
960 2323 1142 2406 Εὐρώπης·
1165 2329 1265 2384 τούτο
1282 2319 1319 2385 δέ
1334 2315 1469 2397 Ἕλενος

212 2426 261 2497 είς
283 2427 388 2506 μέσην
411 2423 617 2506 ἀφικόμενος
645 2424 704 2507 τήν
724 2415 862 2484 Ἑλλάδα
885 2419 1075 2485 Μολοττῶν
1102 2421 1300 2504 ἐβασίλευσε
1327 2427 1386 2487 καί
1407 2434 1467 2510 τῆς
1488 2439 1534 2490 κο

206 2516 369 2608 Ἠπείρου
393 2520 539 2608 πλησίον
558 2520 753 2597 Θετταλίας.
790 2526 903 2586 καίτοι
926 2528 1071 2609 πότερον
1094 2527 1182 2600 εἰκός
1203 2522 1243 2610 ήν
1265 2528 1346 2601 τούς
1367 2531 1467 2612 ήττη-

212 2628 338 2701 θέντας
360 2622 520 2687 ἐπιπλεῖν
543 2627 602 2687 ἐπί
624 2628 683 2711 τήν
705 2632 772 2687 τῶν
794 2629 1031 2710 κρατησάντων
1057 2630 1170 2712 χώραν
1195 2628 1251 2689 καί
1272 2623 1467 2708 βασιλεύειν

213 2721 297 2815 παρ’
325 2730 440 2802 αὐτοῖς
467 2729 486 2812 ή
510 2728 705 2789 τούναντίον
734 2730 813 2802 τούς
834 2730 1066 2813 κρατήσαντας
1096 2732 1155 2794 ἐπί
1183 2734 1242 2817 τήν
1270 2737 1338 2793 τῶν
1367 2735 1467 2816 ήττη-

135 2831 194 2895 138
209 2837 318 2913 μένων
325 2853 337 2906 ,·
358 2824 446 2912 [πῶς
463 2827 508 2905 δέ,
525 2828 622 2914 εἴπερ
639 2825 785 2913 ἀλούσης
803 2832 929 2913 Τροίας
944 2832 1086 2916 ἔφευγον
1103 2833 1137 2893 οί
1152 2834 1231 2918 περί
1245 2836 1304 2895 τόν
1318 2832 1468 2896 Αἰνείαν

209 2936 266 2996 καί
287 2935 345 2994 τόν
365 2925 557 3016 Ἀντήνορα
580 2932 636 2992 καί
658 2932 716 2992 τόν
731 2922 872 3009 Ἕλενον,
896 2933 933 2992 ου’
958 2937 1150 3014 πανταχόσε
1172 2931 1300 3013 μᾶλλον
1323 2936 1468 3020 ἔφευγον
1489 2949 1516 2999 25

210 3036 229 3119 ἢ
247 3036 296 3109 εἰς
318 3036 377 3119 τήν
391 3025 530 3095 Ἑλλάδα
552 3035 608 3095 καί
623 3034 682 3119 τήν
697 3033 874 3119 Εύρώπην,
899 3032 975 3098 ούδέ
992 3039 1099 3098 τόπον
1115 3036 1191 3098 τινά
1206 3039 1349 3122 ήγάπων
1365 3059 1467 3100 κατα·

213 3133 371 3216 λαβόντες
393 3143 452 3220 τῆς
469 3126 613 3211 Ἄσίας,
637 3127 714 3196 ἀλλ’
740 3137 844 3211 εὐθύς
866 3139 926 3199 ἐπί
947 3140 1006 3224 τήν
1029 3141 1163 3201 ἐκείνων
1186 3135 1309 3202 ἔπλεον
1331 3132 1394 3226 ὑφ’
1422 3139 1468 3202 ὧν

212 3238 397 3298 ἀνάστατοι
412 3239 584 3318 ἐγένοντο,·
607 3243 681 3310 πῶς
698 3233 733 3298 δέ
749 3236 971 3317 ἐβασίλευσαν
995 3243 1144 3316 ἅπαντες
1161 3242 1198 3303 ού
1217 3249 1367 3326 σμικρῶν
1390 3239 1467 3305 ούδέ

212 3341 394 3418 ἀνωνύμων
415 3330 650 3423 χωρίων,·ἐξ][
632 3335 688 3414 ξύν
712 3339 826 3414 αύτοῐς
847 3343 904 3403 καὶ
926 3343 985 3427 τνή
968 3334 1143 3405 νἙλλάδα
1164 3348 1364 3423 κατασχειν,·
1387 3337 1464 3406 ἀλλ’

211 3441 392 3519 ἀπείχοντο
423 3437 479 3501 διά
508 3441 587 3514 τούς
615 3442 741 3524 ὅρκους.
799 3444 889 3521 ὅμως
918 3440 954 3504 δέ
976 3436 1108 3519 Ἕλενος
1137 3446 1195 3506 ούκ
1224 3441 1279 3507 όλ
1266 3447 1337 3528 γον
1367 3448 1470 3533 αὐτῆς
1489 3459 1516 3510 3⁰

211 3544 415 3622 ἀπετέμετο,
445 3544 505 3627 τήν
520 3530 701 3626 ’·Ἠπειρον
721 3534 957 3628 Ἀντήνωρδέ
978 3535 1112 3608 Ἑνετῶν
1134 3549 1297 3632 ἐκράτησε
1324 3551 1382 3612 καί
1409 3559 1469 3637 γῆς

298 3795 474 3863 κατρατιάσ
491 3789 566 3845 UBT
669 3795 732 3859 post
749 3795 798 3846 καὶ
816 3792 941 3847 lacunam
960 3799 1051 3848 statuo
1140 3797 1214 3863 3[oi
1231 3793 1306 3855 δέ·
1321 3795 1380 3872 ἐτη]
1398 3801 1467 3855 haec

213 3877 305 3946 spuria
322 3891 380 3930 esse
398 3875 593 3930 sententiarum
610 3889 714 3929 conexu
732 3875 866 3930 evincitur
944 3881 960 3930 4
977 3877 1054 3935 τέωσ
1071 3880 1102 3938 δὲ
1120 3881 1143 3934 Τ
1162 3882 1249 3940 τέλοσ
1266 3883 1297 3942 δὲ
1314 3885 1399 3940 ceteri

212 3968 226 4015 7
251 3960 387 4018 Μενέλεω
406 3960 459 4014 ΒΜ
479 3958 632 4016 Μενέλεων
649 3958 698 4014 UT
807 3957 920 4031 9πρδσ
938 3965 998 4030 (pro
1020 3966 1128 4042 πράοσ)
1146 3965 1176 4018 Μ
1278 3963 1336 4041 γάρ
1354 3966 1402 4026 ἐπί
1418 3973 1468 4040 τῆς

211 4047 358 4111 Schwartz,
376 4041 432 4118 γὰρ
450 4038 510 4102 ἀπὸ
529 4048 582 4114 τῆσ
600 4036 724 4110 UBM,'
706 4039 765 4100 απὸ
784 4061 835 4100 om.
856 4046 879 4099 T
967 4050 998 4101 12
1017 4046 1095 4120 λέγοι
1118 4049 1144 4106 U
1230 4057 1467 4128 τραγῳδιοποιων

210 4133 271 4188 libri
360 4136 391 4186 14
409 4129 527 4201 ἐφένετα
546 4129 576 4180 Μ
661 4124 753 4199 ἦσαν.
772 4130 852 4186 UBM
931 4136 961 4184 17
980 4128 1094 4230 ἐγένετο
1113 4133 1177 4200 MU,
1195 4132 1331 4208 ἐγένοντο
1351 4136 1399 4192 ΒΤ

212 4221 242 4270 19
260 4222 323 4286 post
340 4210 483 4289 Εὐρώπης
500 4213 557 4266 Ant
545 4213 646 4268 tenoris
670 4214 831 4269 mentionem
854 4216 987 4271 excidisse
1010 4217 1135 4288 suspicor
1238 4224 1272 4276 24
1289 4225 1362 4289 [πῶς
1380 4224 1465 4281 ἀέ-

211 4297 331 4358 όυνατὸν
348 4300 492 4372 γενέσθαι]
511 4299 578 4353 haec
597 4298 721 4352 omnine
739 4298 826 4353 Dione
844 4300 934 4356 aliene
953 4307 1017 4356 sunt
1091 4298 1198 4377 ἔφυγον
1215 4305 1266 4361 UT
1336 4311 1369 4363 25
1388 4301 1467 4366 α’νπ

211 4404 284 4454 νορα
301 4386 327 4440 U
413 4390 444 4438 27
463 4382 584 4440 ἐκείνωσ
602 4383 631 4436 Μ
715 4387 745 4437 31
766 4377 892 4455 ἀντίνωρ
910 4385 966 4442 UM
1051 4390 1100 4445 καί
1117 4393 1171 4462 τῆσ
1188 4383 1311 4463 ἀρίστησ
1327 4397 1384 4465 γῆσ
1402 4396 1467 4466 περὶ

211 4469 280 4532 libri,
299 4484 368 4522 corr.
390 4468 486 4537 Pflugk
