3068 5160
547 339 837 396 PROLEGOMENA.
1231 340 1324 396 XXXI

62 511 265 593 intelligatur
287 531 371 592 quae
394 513 435 577 sit
456 511 612 578 bonarum
634 513 808 578 lectionum
830 514 865 577 in
886 514 1062 598 Peiusquc
1084 514 1235 580 fiatribus
1258 533 1322 578 ser-

63 621 210 679 vatarum
232 611 366 678 indoles.
401 613 523 692 Quodsi
545 616 628 682 tales
642 615 761 681 fuerint
784 615 896 699 qualia
911 615 1001 680 codd.
1018 616 1076 682 UB
1091 618 1223 700 propria
1236 615 1323 681 bona

63 736 134 782 esse
156 715 385 798 intelleximus,
410 722 446 781 ut
468 718 604 800 proclivi
627 717 812 782 coniectura
826 716 919 781 homo
934 717 1128 802 byzantinus
1144 737 1184 783 ex
1203 717 1324 783 tradita

63 818 245 901 corruptela
259 817 302 881 ad
328 838 384 884 eas
407 818 525 903 delabi&
539 819 704 902 potuisset,
727 819 809 883 nihil
832 837 873 884 ex
896 820 936 883 iis
958 818 999 884 de
1021 819 1167 885 codicum
1182 819 1268 898 (VM)
1291 827 1323 884 et

63 919 146 999 (ΠΒ)
167 918 408 986 necessitudine
431 921 579 986 concludi
600 921 727 1005 poterit.
772 919 808 987 Si
831 941 906 986 vero
928 921 1010 986 talia
1032 928 1210 1002 occurrunt,
1238 941 1323 1006 quae

62 1027 95 1086 et
106 1040 185 1086 vera
200 1021 265 1086 sint
279 1028 311 1087 et
327 1023 513 1088 coniectura
528 1022 568 1088 ab
584 1022 713 1088 homine
727 1022 903 1107 byzantino
918 1023 1058 1088 inveniri
1073 1044 1137 1088 non
1151 1025 1321 1107 potuerint,

63 1121 139 1187 inde
163 1123 302 1188 elucebit
324 1123 451 1190 codices
476 1124 562 1205 (VM)
584 1132 616 1190 et
638 1124 720 1204 (ΠΒ)
743 1144 784 1189 ex
806 1124 920 1189 eadem
938 1125 1037 1209 stirpe
1052 1131 1227 1209 prognatos
1242 1144 1322 1206 esse,

63 1224 185 1303 (PWH)
208 1227 340 1309 propria
361 1227 569 1308 generatione
592 1247 633 1292 ex
656 1226 831 1310 archetypo
854 1224 1069 1292 descendisse.
1106 1226 1220 1310 Neque
1235 1227 1270 1290 in
1285 1245 1323 1290 eo

62 1327 266 1394 haerebimus
295 1327 381 1412 quod
408 1330 552 1394 recensio
581 1328 705 1406 (PWH)
732 1347 790 1412 per
817 1327 1010 1392 recentiores
1039 1333 1164 1392 tanturn
1195 1327 1323 1393 oodIces

62 1427 154 1494 nobis
177 1434 306 1494 servata
328 1435 391 1513 est,
415 1450 548 1513 quorum
571 1429 813 1514 antiquissimus
835 1429 866 1494 H
888 1449 973 1495 saec.
996 1429 1081 1493 XIII
1102 1430 1240 1514 scriptus
1262 1435 1321 1494 est.

148 1550 179 1613 p.
205 1536 232 1613 1,
249 1533 289 1596 23
311 1530 481 1616 Emporius
510 1531 580 1596 sine
609 1530 707 1597 dubio
734 1537 821 1598 recte
843 1531 986 1615 scripsit:
1021 1531 1153 1619 αύλημα
1178 1531 1319 1596 δικαίαν.

61 1631 112 1695 Ab
140 1630 201 1695 hac
229 1631 367 1697 lectione
395 1633 524 1714 longius
552 1630 651 1699 distat
679 1632 791 1711 (UBV)
814 1633 870 1718 qui
893 1633 1023 1697 δίκαιον
1047 1633 1194 1719 αύλημα,
1224 1653 1321 1716 quam

61 1733 129 1796 PW
157 1733 212 1817 qui
244 1733 375 1820 αύλημα
406 1734 535 1799 δίκαιον
560 1734 713 1800 scribunt.
735 1770 776 1780 —
800 1739 887 1817 2,19
910 1740 968 1799 τόν
991 1739 1230 1819 ἐντυγχάνοντα
1253 1735 1321 1799 ΡΨ

59 1832 146 1916 quod
168 1853 278 1898 verum
301 1840 358 1900 est.
382 1871 424 1881 —-
447 1841 475 1918 2,
493 1840 533 1900 27
556 1861 592 1901 τε
615 1857 676 1901 om.
692 1837 760 1902 ΡΨ
776 1835 943 1916 (ἀελίοιο).
967 1873 1008 1882 -
1029 1842 1058 1920 3,
1076 1841 1117 1902 26
1133 1827 1193 1917 ούχ
1208 1842 1320 1900 ἑστιά-

59 1958 142 2022 τορα
171 1940 227 2000 καί
257 1936 441 2018 δαιτυμόνα
471 1933 541 2001 ἀλλ’
574 1941 646 2003 οίον
677 1933 755 2002 ccidi
784 1939 965 2002 καθεύδειν
989 1943 1090 2003 αύτόν
1113 1938 1229 2017 ἀξιοῦν
1253 1938 1321 2002 ΡΨ

59 2031 147 2114 (ἀλλ’
167 2040 239 2102 οἷον
255 2057 315 2102 om.
332 2037 400 2102 UB.
417 2033 486 2102 ἀλλ’
505 2059 566 2104 om.
582 2039 611 2104 V
630 2039 635 2121 1
655 2039 752 2118 ἀξιοῖ
762 2059 820 2123 pro
836 2039 953 2118 ἀξιοῦν
968 2039 1079 2119 UBV).
1107 2039 1321 2105 Scribendum

59 2143 108 2202 est
139 2136 328 2223 <ἑν>άλλοις
362 2140 396 2204 de
415 2176 451 2185 —
470 2140 571 2219 ἀξιοῖ.
616 2141 731 2224 Itaque
759 2142 827 2206 ΡΨ
856 2141 917 2208 soli
948 2142 1040 2206 initio
1070 2143 1229 2207 enuntiati
1251 2143 1320 2207 veri

58 2239 232 2321 vestigium
247 2248 425 2307 servarunt.
442 2280 483 2289 -
499 2247 571 2325 4,23
587 2248 666 2320 τούς
683 2243 718 2306 δὲ
736 2247 897 2330 συνήθεις
912 2244 980 2308 ΡΨ
995 2243 1043 2316 (δὲ
1067 2263 1128 2307 om.
1151 2243 1262 2322 UBV).
1278 2281 1320 2290 -

63 2347 91 2424 5,
118 2345 156 2406 18
187 2343 369 2430 φιλότιμος
398 2344 433 2408 ἀὲ
464 2349 510 2408 ὢν
539 2349 598 2432 τὴν
628 2350 730 2431 φύσιν
761 2340 828 2429 [καί
853 2341 963 2430 sidcis]
987 2350 1040 2409 ότι
1063 2350 1142 2422 τούς
1165 2349 1320 2429 ἀγαθούς

64 2449 257 2531 πεφύκασιν
287 2450 321 2509 οἱ
350 2449 535 2532 ἀνθρωποι
562 2456 678 2527 τιμάν,
708 2449 808 2532 ἦττον
837 2444 967 2524 ἐλπίζει
995 2451 1166 2529 τιμᾶσθαι
1188 2452 1230 2511 ἀν
1251 2452 1318 2512 ύπό

63 2549 212 2610 ἀκόντων
240 2551 260 2633 ἢ
291 2550 384 2633 παρὰ
413 2553 604 2629 μισούντων
634 2546 752 2634 φιλίας
781 2553 961 2631 τυγχάνειν.
1005 2549 1043 2612 In
1072 2548 1122 2614 his
1143 2549 1320 2615 verbasci

63 2648 164 2725 εἰδὼς
186 2648 220 2712 in
242 2649 310 2713 PW
332 2649 409 2714 solis
431 2650 653 2724 inveniuntur„
685 2648 766 2714 Sunt
788 2655 896 2714 autem
912 2650 1114 2733 interpolata.
1151 2651 1236 2715 Nam
1251 2649 1320 2716 fieri

62 2769 129 2813 non
150 2756 263 2834 potest,
287 2757 323 2815 ut
344 2751 446 2816 forma
467 2751 666 2835 participiali
687 2750 741 2814 hic
762 2749 973 2834 proferantur,
997 2771 1081 2835 quae
1097 2771 1168 2815 curn
1184 2771 1319 2834 sequen-

61 2849 149 2916 tibus
171 2853 321 2936 coniungi
343 2860 516 2937 nequeunt.
559 2855 654 2918 Duae
677 2853 762 2918 enim
784 2853 963 2918 sententiae
985 2854 1020 2917 in
1041 2852 1162 2918 tradita
1182 2854 1320 2918 lectione

61 2954 248 3037 permisceri
282 2953 433 3020 videntur
462 2957 491 3033 1)
525 2956 685 3020 sinceram
715 2954 845 3021 laudem
873 2977 937 3021 non
966 2961 1093 3020 coactos
1121 2955 1179 3021 sed
1207 2962 1322 3039 sponte

61 3055 207 3121 homines
234 3056 375 3123 tribuere
408 3058 439 3134 2)
468 3057 627 3122 sinceram
656 3057 820 3122 hominum
853 3057 982 3123 laudem
1014 3077 1079 3122 non
1107 3058 1170 3121 nisi
1204 3058 1322 3122 virtute

61 3156 202 3242 adquiri.
230 3158 344 3242 Itaque
366 3159 504 3223 Dionem
527 3158 608 3224 haec
630 3158 697 3224 fere
719 3161 887 3244 scripsisse
910 3158 1116 3224 crediderim:
1141 3158 1322 3246 φιλότιμος

62 3261 101 3324 ἀὲ
125 3265 172 3324 ὢν
195 3265 253 3348 τὴν
278 3265 381 3347 φύσιν
405 3263 503 3347 ἦττον
526 3258 656 3338 ἐλπίζει
678 3266 851 3342 τιμᾶσθαι
873 3266 913 3325 ἀν
936 3266 1003 3324 ύπό
1027 3265 1175 3324 ἀκόντων
1190 3264 1209 3347 ἢ
1227 3264 1321 3347 παρὰ

60 3367 253 3444 μισούντων
276 3361 394 3448 φιλίας
416 3366 598 3444 τυγχάνειν,
621 3359 740 3444 <είάὼς
763 3357 817 3445 (λ’)
839 3368 892 3426 ότι
907 3367 985 3437 τούς
1001 3365 1154 3445 ἀγαθούς
1171 3367 1321 3449 πεφύκα-

64 3484 119 3527 σιν
149 3466 183 3526 οί
212 3467 397 3549 ἅνθρωποι
420 3472 520 3544 τιμάν
543 3457 602 3545 (δι’
628 3467 748 3550 ἀρετῆς
770 3465 871 3526 τοῦτο
896 3463 1036 3547 διώκει).
1060 3500 1102 3509 -
1125 3468 1154 3546 6,
1180 3467 1218 3528 13
1242 3469 1322 3527 όταν

62 3571 183 3629 τούτου
211 3570 328 3651 καιρός
350 3563 371 3651 ἦ
393 3564 470 3629 ΡΨ.
499 3564 562 3628 Pro
590 3570 709 3628 τούτου
733 3564 836 3629 UBV:
871 3570 1026 3628 τοιούτου
1051 3564 1136 3648 quod
1157 3564 1235 3629 ferri
1258 3583 1322 3628 non

61 3673 177 3752 potest.
202 3704 241 3713 —
265 3671 294 3751 6,
311 3671 350 3730 27
375 3673 605 3750 ψευσαμένοις
628 3665 768 3731 dubium.
792 3703 833 3713 —
856 3670 921 3751 8‚9
943 3660 1026 3730 αύτό
1041 3690 1077 3729 τε
1093 3667 1121 3730 V
1136 3673 1222 3732 recte
1239 3659 1322 3729 αύτό

62 3794 98 3834 τε
121 3773 183 3855 γάρ
206 3769 274 3834 ΡΨ
297 3768 517 3853 (interpolatio
539 3767 732 3844 manifesta).
748 3803 790 3813 —
807 3771 835 3851 8,
852 3773 893 3833 25
916 3791 952 3853 ys
970 3768 1038 3833 PW
1053 3774 1148 3850 recte,
1172 3792 1207 3832 τε
1223 3767 1322 3833 UBV.

62 3908 104 3918 -
121 3877 150 3954 9,
168 3877 188 3935 4
210 3876 373 3935 ἀπώνατο
389 3881 448 3957 τῆς
465 3869 593 3958 πολλῆς
609 3870 686 3934 ΡΨ.
703 3875 811 3935 ἀπών.
828 3875 981 3936 τῶνάπὸ
998 3882 1057 3959 τῆς
1073 3869 1201 3958 πολλῆς
1215 3869 1321 3951 UBV;

62 3983 130 4038 τῶν
159 3977 229 4042 ἀπὸ
259 3979 362 4037 ortum
390 3977 439 4036 est
467 3970 686 4054 dittographia
714 3991 755 4036 ex
782 3972 1322 4055 πωνατο.-10,6ἀλσος·ΡΨ

62 4075 180 4141 melius
209 4081 258 4140 est
286 4093 383 4159 quam
413 4072 537 4150 ἄλσους
559 4073 657 4139 UBV.
703 4072 768 4138 Sed
796 4074 857 4140 hcc
885 4095 1013 4159 quoque
1040 4074 1116 4140 ferri
1142 4079 1257 4157 potest.
1282 4109 1318 4118 -

65 4184 114 4261 10,
133 4183 151 4242 7
174 4177 421 4260 καταλαμβάνω
446 4177 503 4238 cdv
525 4175 593 4240 ΡΨ
607 4175 854 4259 καταλαμβάνω
870 4175 899 4240 V
914 4181 970 4240 καί
991 4176 1237 4259 καταλαμβάνω
1254 4175 1322 4240 UB.

62 4281 213 4346 Fortasse
235 4279 293 4345 UB
321 4297 432 4343 verum
459 4275 551 4340 vidit.
592 4275 676 4340 Nam
703 4301 787 4340 κατα
801 4297 924 4342 -causa
950 4297 1020 4342 esse
1041 4279 1160 4362 potuit,
1191 4297 1247 4342 cur
1267 4284 1323 4343 καί

64 4381 247 4464 excideret;
286 4384 342 4445 ούν
375 4380 481 4443 minus
512 4378 620 4462 placet
653 4378 738 4462 quod
767 4378 963 4444 antecedens
985 4380 1187 4445 enuntiatum
1210 4380 1323 4446 eadem

63 4484 289 4550 coniunctione
316 4483 426 4548 utitur.
450 4515 489 4527 -
516 4482 565 4561 10,
591 4485 629 4546 19
659 4474 696 4542 ού
726 4483 787 4566 γάρ
815 4484 905 4544 ἐάσω
928 4480 1006 4545 ΡΨ.
1031 4476 1089 4546 ούκ
1111 4487 1201 4546 ἐάσω
1224 4481 1323 4547 UBV.
