3068 5160
561 348 698 406 ORATIO
716 349 816 404 XXXI.
1254 350 1312 411 257

57 527 190 608 ταύτην.
241 527 276 586 τί
305 525 380 601 οὖν,
409 517 491 586 ἔσθ’
523 527 618 598 ὅπως
648 520 876 608 παρεδέξαντο
907 527 965 586 τόν
991 527 1113 605 νόμον;
1143 527 1313 605 οὐμενοῦν,

58 618 134 687 ἀλλ’
167 623 255 686 έάλιο
284 636 425 712 γραφής.
473 631 554 711 φέρε
583 627 696 687 τοίνυν
724 623 909 706 συμβάλετε
938 634 1037 688 τοῦτο
1064 628 1102 688 τό
1126 626 1210 700 ἔθος
1232 628 1315 688 έκεί·
1334 628 1395 691 129

59 750 104 810 νφ
129 726 176 810 τῴ
200 732 301 810 νόμην,
323 730 384 790 κάν
406 731 467 809 μέν
489 721 567 807 ὑμῖν
589 729 673 788 κατά
696 750 731 790 τι
752 723 922 809 <βέλτιον>
946 730 1118 814 φαίνηται,
1144 725 1313 812 φυλάξατε

61 831 141 891 αὐτό
165 832 221 892 καί
243 832 410 914 ποιήσατε
435 831 649 912 ἰσχυρότερον
672 832 760 913 πρὸς
782 832 820 891 τό
845 826 982 891 λοιπόν·
1005 831 1089 913 όπερ
1113 826 1150 905 ἐξ
1171 830 1314 914 ἀνάγκης

23 923 184 1014 5γένοιτ’
217 934 273 1008 ἀν,
304 934 335 993 εἰ
363 933 406 1017 μή
440 928 627 1015 λυθήσεται
657 939 729 992 νῦν·
759 932 817 993 έάν
849 929 884 993 δέ
909 938 1064 1014 πανταχῇ
1088 933 1314 1009 σκοπούμενοι

57 1038 170 1116 χεῖρον
194 1034 382 1117 εὑρίσκητε,
410 1033 612 1117 μιμήσασθε
641 1035 720 1107 τοὺς
741 1024 818 1093 κατ’
844 1034 970 1095 ἐκεῖνον
992 1035 1050 1094 τόν
1070 1035 1191 1116 χρόνον
1210 1024 1314 1116 Ἀθη-

60 1136 176 1208 ναίους
198 1136 313 1197 καὶτὸ
336 1133 462 1215 μάλλον
485 1136 616 1196 ἀτοπον
639 1142 700 1195 τοῦ
720 1137 797 1195 τότε
829 1131 992 1209 λυθέντος
1013 1126 1076 1195 ὑπ’
1102 1135 1236 1196 ἐκείνων
1258 1136 1315 1197 καί

59 1237 156 1315 ὑμεῖς
172 1243 227 1298 νῦν
253 1234 384 1299 λύσατε.
422 1239 460 1298 τδ
476 1239 537 1316 μὲν
561 1236 618 1298 οὖν
641 1232 750 1322 ψευδῆ
774 1238 833 1320 τήν
850 1233 952 1298 πόλιν
976 1233 1143 1298 δεικνύναι
1165 1236 1316 1317 καὶπερὶ
1335 1239 1394 1302 130

60 1339 121 1412 τάς
146 1335 274 1421 δωρεάς
297 1340 446 1400 ἀπιστον
467 1341 523 1401 καί
545 1341 583 1400 τδ
606 1340 686 1413 τοδς
708 1340 882 1422 εὐεργέτας
900 1335 1037 1414 ἀδικεῖν,
1061 1338 1314 1422 ἀφαιρουμένην

10 1451 39 1500 10
62 1442 171 1502 αὐτῶν
193 1441 255 1514 τάς
277 1441 433 1520 ἀμοιβάς,
460 1442 515 1503 καί
539 1443 650 1502 πάντα
673 1441 714 1500 τά
737 1446 878 1501 τοιαῦτα
901 1430 960 1501 ἐπ’
987 1438 1063 1523 ἴσης
1084 1439 1180 1500 κοινά
1204 1441 1315 1525 ἀμφο-

60 1547 172 1626 τέροις
188 1545 389 1625 πρόσεστιν·
413 1533 489 1602 ἀλλ’
514 1544 588 1604 έκεῖ
603 1543 664 1622 μέν
680 1542 738 1603 οὐκ
753 1538 793 1625 ήν
814 1539 918 1626 μηδὲν
935 1538 1141 1626 ὠφελῆσθαι
1155 1542 1234 1615 τοδς
1256 1544 1315 1627 τήν

61 1640 214 1705 ἀτέλειαν
243 1645 442 1727 ἐσχηκότας·
471 1645 491 1704 ά
520 1644 583 1728 γάρ
613 1645 795 1728 ἐκτήσαντο
825 1645 947 1728 έκτής
971 1645 1128 1728 ἀφέσεως
1150 1644 1199 1716 εἰς
1222 1645 1314 1704 άπαν

62 1748 177 1821 αὐτοῖς
199 1748 309 1826 έμεινε
335 1739 405 1827 [ὡς]
428 1747 560 1807 καὶτὸν
583 1742 685 1807 ἀλλον
705 1749 826 1830 χρόνον
850 1742 989 1825 ἔμελλον
1012 1745 1241 1828 εὐπορώτεροι
1265 1737 1312 1806 δι’

63 1851 164 1934 αὐτήν
187 1849 343 1910 ἔσεσθαι.
381 1851 455 1920 τοῖς
478 1844 515 1908 δέ
530 1867 565 1929 γε
588 1856 648 1932 τής
671 1848 799 1920 εἰκόνος
822 1847 1068 1931 ἀφαιρεθεῖσιν
1090 1847 1126 1906 έκ
1148 1854 1210 1907 τοῦ
1229 1867 1315 1908 τετι-

10 1962 39 2012 15
61 1952 198 2036 μήσθαι
221 1953 387 2033 πρότερον
409 1939 482 2009 οὐδ’
510 1950 622 2010 ότιοάν
647 1948 802 2031 περίεστι
826 1944 901 2025 δίχα
918 1966 953 2028 γε
970 1956 1028 2032 τής
1043 1948 1171 2031 ὕβρεως
1185 1949 1241 2009 καί
1256 1957 1315 2032 τής

61 2054 209 2132 ἀτιμίας.
255 2053 342 2135 πρός
364 2052 471 2130 τούτῳ
497 2047 532 2110 δὲ
557 2051 576 2110 ό
597 2052 658 2128 μὲν
680 2050 793 2122 τιθείς
821 2051 898 2110 τότε
926 2052 985 2111 τόν
1014 2052 1117 2129 νόμον
1146 2050 1238 2110 ἔστιν
1269 2048 1315 2110 ὧν
1334 2055 1392 2116 131

60 2156 239 2237 κατηγόρει
267 2159 334 2213 τῶν
364 2148 555 2235 εἰληφότων
584 2153 643 2236 τήν
672 2147 826 2212 ἀτέλειαν
859 2153 914 2213 καί
944 2153 1113 2235 πονηρούς
1143 2152 1315 2235 ἀπέφαινε

62 2258 141 2329 τοὺς
171 2252 323 2329 πλείους,
356 2253 393 2312 οά
422 2254 525 2331 μόνον
555 2249 713 2329 ἀναξίους
738 2255 895 2336 χάριτος·
926 2255 1012 2314 ὥστε
1041 2244 1133 2314 τοῦτ’
1165 2251 1313 2315 εἶναιτὸ

64 2354 174 2418 δεινόν
197 2359 250 2417 ότι
271 2357 315 2440 μή
341 2360 446 2416 πᾶσιν
468 2351 615 2435 ἀγκαλῶν
638 2358 769 2429 πάντας
791 2356 974 2439 ἀπεστέρει
996 2355 1056 2429 τάς
1080 2352 1218 2439 δωρεάς.
1263 2357 1314 2416 έν-

11 2471 41 2520 20
63 2455 152 2520 θάδε
176 2455 211 2518 δέ
236 2447 310 2517 οὐδ’
336 2457 446 2517 ένεστι
469 2461 542 2529 τοῖς
565 2453 789 2541 ἀφελομένοις
805 2458 916 2518 εἰπεῖν
931 2479 965 2519 τι
979 2449 1054 2518 κατ’
1081 2459 1232 2519 ἐκείνων·
1258 2459 1314 2532 οὓς

63 2561 125 2644 γάρ
148 2551 229 2643 μηδ’
256 2557 362 2634 ἴσασι,
386 2565 462 2631 πῶς
485 2559 607 2632 αὐτοὺς
630 2560 814 2620 αἰτιᾶσθαι
837 2557 996 2636 δυνατόν,·
1019 2563 1070 2622 έτι
1087 2558 1158 2622 δὲό
1179 2563 1240 2639 μέν
1263 2563 1316 2620 νό-
1336 2565 1395 2628 132

64 2682 128 2742 μος
150 2658 343 2745 ἐξαιρέτους
365 2660 460 2733 τινάς
483 2661 597 2722 έποίει
620 2663 698 2734 τούς
721 2661 761 2720 τά
784 2666 927 2742 μέγιστα
945 2659 1124 2735 δοκοῦντας
1148 2662 1315 2744 εὐεργετη-

63 2769 157 2825 κέναι
179 2766 238 2849 τήν
263 2760 375 2838 πόλιν,
399 2764 478 2835 τοάς
502 2751 566 2846 ἀφ’
590 2753 770 2846 Ἁρμοδίου
793 2764 850 2824 καὶ
861 2755 1166 2848 Ἀριστογείτονος·
1190 2759 1315 2824 ἐνθάδε

20 2879 51 2929 Μ)
68 2863 102 2926 δέ
128 2863 224 2927 οὐδέν
246 2868 339 2926 ἐστιν
362 2861 543 2942 ἐξαίρετον.
581 2861 628 2944 τῴ
651 2864 713 2947 γάρ
736 2865 899 2950 ἀγράφως
916 2867 954 2926 τό
978 2871 1115 2950 πρᾶγμα
1137 2864 1317 2946 γίγνεσθαι

10 2979 40 3028 25
63 2970 119 3029 καί
139 2969 223 3050 μήτε
245 2967 330 3026 κατὰ
354 2968 456 3043 νόμον
478 2966 563 3048 μήτε
583 2964 668 3024 κατά
685 2967 850 3050 ψήφισμα
867 2969 947 3051 περί
962 2966 1097 3043 οὐδενός
1112 2965 1199 3041 όλως
1218 2968 1315 3028 ἀπεί-

62 3089 179 3151 ρηται,
209 3069 266 3128 καί
287 3068 346 3128 έπί
369 3068 472 3128 παντί
496 3067 662 3150 συμβῆναι
685 3063 825 3129 δυνατόν
848 3071 956 3146 ἐστιν,
986 3061 1045 3154 ἐφ’
1078 3072 1142 3151 ότῳ
1167 3071 1251 3130 ποτὲ
1276 3070 1315 3130 ἀν

64 3166 143 3251 δόξῃ
160 3166 207 3249 τῴ
226 3166 409 3252 στρατηγῷ.
447 3168 503 3228 καί
517 3169 616 3252 μήνό
637 3186 673 3248 γε
692 3171 794 3247 νόμος
811 3166 920 3231 δεινόν
943 3168 1053 3232 ἐδόκει
1075 3177 1188 3234 ποιεῖν
1212 3173 1315 3256 ἀφαι-
1334 3178 1394 3241 133

63 3273 225 3354 ροόμενος
254 3277 316 3331 τοῦ
346 3267 452 3353 δήμου
481 3270 540 3353 τήν
563 3264 735 3345 ἐξουσίαν,
766 3271 852 3331 ὥστε
874 3268 959 3355 μηδὲ
982 3275 1020 3333 τό
1045 3271 1167 3336 λοιπόν
1190 3270 1316 3350 ἐξεῖναι

62 3372 296 3457 ψηφίσασθαι
324 3373 383 3456 τήν
415 3367 543 3454 δωρεάν
571 3373 703 3455 ταύτην.
748 3373 804 3432 καί
832 3375 930 3454 πόσῳ
957 3380 1108 3457 κρεῖττον
1131 3378 1190 3460 τήν
1214 3377 1316 3459 ἀρχήν

11 3486 40 3535 30
62 3471 213 3536 κωλῦσαί
234 3496 268 3536 τι
291 3471 425 3535 διδόναι
447 3475 505 3534 τὸν
529 3469 651 3556 δήμον,
678 3473 708 3534 εἰ
730 3476 773 3558 μή
800 3479 961 3559 συνέφερε
984 3483 1025 3559 τῇ
1049 3474 1158 3553 πόλει,
1181 3471 1238 3557 <”>
1259 3498 1315 3537 κα-

64 3573 252 3637 ταλιπόντα
281 3578 319 3637 τδ
339 3569 546 3659 χαρίζεσθαι
567 3575 606 3635 τό
630 3575 862 3659 ἀφαιρεῖσθαι
884 3583 989 3637 ταῦτα
1012 3570 1071 3661 ἐφ’
1098 3581 1147 3640 ένί
1169 3581 1315 3663 ποιήσα-

146 3831 161 3879 2
180 3824 301 3897 γραφείς
318 3824 438 3880 Cobetus
489 3824 617 3896 σύμβαλε
635 3824 713 3878 ΒΜΤ
766 3829 781 3878 3
799 3823 915 3897 βέλτιον
933 3841 966 3880 ex
984 3827 1055 3881 coni.
1073 3826 1178 3894 addidi3
1197 3821 1317 3894 ἀμεινον

61 3912 180 3966 Cobetus
232 3910 388 3982 φαίνητεΤ
442 3905 732 3985 5σκοποόμενονΙήΒ
785 3904 984 3983 ἀεάρίσκηται
995 3911 1066 3976 libri,
1080 3927 1150 3967 corr,
1164 3911 1266 3965 Reiske

60 3991 240 4067 μιμήσασθαι
258 3997 287 4049 M
383 4000 399 4049 9
417 3992 591 4050 scribendum
609 3986 841 4064 ἀφαιρουμένους
938 4002 967 4051 11
987 3989 1134 4068 ὠφελῆσαι
1151 3995 1223 4060 libri,
1244 4010 1315 4050 corr.

59 4080 139 4148 Emp.
195 4084 226 4135 12
245 4080 285 4146 εἰς
303 4070 416 4138 ἅπαντα
430 4079 476 4133 ΒΤ
532 4083 562 4132 13
581 4073 621 4145 ὡς
637 4083 686 4135 καὶ
703 4079 852 4148 om.UBT,
871 4074 910 4146 ὡς
928 4081 993 4137 secl.
1012 4082 1076 4137 Wil.
1128 4085 1177 4138 καὶ
1195 4076 1316 4150 έμελλον

60 4164 133 4219 UBT
223 4169 253 4219 15
272 4168 326 4235 τήσ
344 4167 416 4231 (ante
434 4157 562 4234 άτιμίασ)
583 4180 635 4219 om.
654 4165 704 4222 UT
794 4170 821 4218 17
842 4159 894 4236 τήν
915 4161 1046 4243 ἀτέλειαν
1069 4164 1230 4239 εἰληφότων
1252 4166 1315 4231 (hoc

60 4249 170 4316 ord.)T
242 4253 272 4304 18
292 4241 692 4316 άξίουσΙίΒοάκάξίουσΤ
752 4254 783 4303 19
801 4254 854 4319 τῆσ
871 4245 1095 4323 δωρεάσῐίτῆς
1112 4251 1263 4324 όωρεᾶςΤ

58 4329 130 4391 ἔνθα
149 4335 178 4391 δὲ
197 4335 245 4390 UB
349 4339 381 4388 20
401 4327 481 4390 οὐδέν
498 4331 559 4391 ἐστι
576 4333 648 4402 libri,
667 4349 736 4388 corr.
755 4333 835 4402 Emp.
940 4338 969 4389 21
991 4333 1070 4392 ίσασί
1087 4355 1158 4409 φασι
1170 4338 1218 4392 ΒΤ
1237 4334 1315 4395 ίσασι

57 4419 146 4488 φασίν
163 4418 188 4472 U
207 4416 301 4476 είσασί
318 4436 387 4488 φασι
405 4418 443 4484 Μ,
462 4438 532 4488 φασι
552 4418 603 4475 del.
615 4417 716 4473 Jacobs
786 4422 818 4472 23
837 4414 908 4476 ἔνθα
927 4419 957 4476 δὲ
975 4420 1000 4475 U
1018 4418 1121 4480 ἐνθάδε
1139 4424 1170 4478 Μ
1223 4427 1256 4478 24
1274 4426 1316 4495 γί·

58 4503 194 4560 ιτσθαιΤ
254 4499 535 4575 21ὃγενόμενοσ1]
591 4506 623 4556 3ο
640 4497 658 4573 ή
676 4502 738 4558 add.
750 4502 856 4559 Selden.
908 4509 939 4558 31
959 4507 1011 4562 τοῦ
1028 4521 1078 4575 pro
1096 4503 1130 4565 τὸ
1144 4510 1231 4565 altero
1243 4508 1317 4566 UBT

109 4597 166 4640 mo.
181 4599 198 4639 1.
1080 4596 1110 4646 11
1291 4593 1295 4603 ’
