3068 5160
176 317 237 377 114
628 316 752 373 DIONIS
769 317 819 372 DE
838 315 966 372 SERVIS

176 500 234 559 τόν
264 497 347 557 θεόν
371 497 465 568 ὅπως
488 491 577 576 αύτῷ
601 495 733 554 ἔσοιντο
757 488 888 566 παῖδες.
934 493 1071 577 ἔχρησεν
1096 492 1153 554 σύν
1175 494 1220 578 μή
1244 500 1380 575 γεννᾶν,
1408 495 1424 577 ή

127 599 168 660 25
178 599 352 661 ἐκτιθέναι
374 599 587 681 γεννήσαντα.
634 596 720 656 ούτω
745 591 780 655 δέ
805 595 947 678 άνόητος
969 590 1008 678 ήν
1032 596 1181 669 ύΛάῑος
1206 595 1294 656 ὥστε
1318 595 1426 679 ἀμφό-

177 722 256 785 τερα
280 707 496 783 παρακοῦσαι
518 705 580 758 τοῦ
596 698 698 758 θεοῦ·
720 697 776 758 καὶ
791 697 853 780 γάρ
869 698 1023 780 ἐγέννησε
1038 698 1093 758 καὶ
1109 697 1269 780 ἔθρεψεν.
1309 697 1427 758 ἔπειτα

176 805 232 865 καὶ
256 803 355 875 αύτός
379 797 534 861 ἀπώλετο
558 801 614 861 καί
637 807 706 874 πᾶς
724 801 742 860 ὀ
759 797 850 872 οίκος
867 799 978 874 αύτοῦ,
1004 795 1093 860 διότι
1108 796 1274 873 ἀδύνατος
1290 800 1338 859 ῶν
1354 800 1428 859 ἐπε·

174 907 309 989 χείρησε
331 900 378 984 τῴ
398 894 588 963 Ἀπόλλωνι
609 902 771 987 χρῆσθαι.
809 902 852 985 μή
877 901 939 985 γάρ
962 908 1067 962 ταῦτα
1090 902 1237 976 ἀκούσας
1260 903 1319 962 τόν
1340 898 1460 962 Oedi-s

178 1004 269 1068 ποδα
294 1006 351 1066 ούκ
374 1006 414 1066 ἂν
437 1000 606 1088 ἐξέθηκεν.
653 1005 671 1065 ό
694 1000 729 1065 δέ
753 1001 842 1065 οἴκοι
864 1004 1006 1087 τραφεὶς
1029 1003 1086 1064 ούκ
1109 1004 1149 1065 ἂν
1172 1004 1352 1065 ἀπέκτεινε
1376 1005 1429 1064 τόν

127 1107 167 1171 26
177 1111 302 1184 Λάϊον,
319 1109 545 1186 ἐπιστάμενος
561 1109 614 1168 ότι
630 1107 734 1167 αύτοῦ
748 1109 831 1179 παῖς
847 1103 908 1189 εἴη.
942 1107 998 1167 καὶ
1009 1106 1121 1167 τοίνυν
1133 1105 1174 1167 τά
1188 1107 1268 1189 περί
1280 1107 1429 1189 Κροῖσον

178 1213 322 1296 ἀκήκοας
345 1211 403 1270 τδν
418 1205 546 1284 Λυδόν,
571 1208 608 1282 δς
630 1209 813 1292 ήγούμενος
836 1207 1032 1269 πείθεσθαι
1049 1205 1095 1289 τῴ
1112 1205 1185 1288 θεῷ
1202 1209 1334 1282 παντὸς
1350 1204 1429 1288 μάλ-

179 1311 236 1375 λον
265 1313 322 1373 καὶ
345 1308 467 1391 διαβὰς
489 1312 547 1371 τδν
571 1312 726 1388 ποταμδν
749 1311 806 1370 τόν
822 1301 939 1386 Ἅλυν,
969 1311 1028 1394 τήν
1052 1310 1154 1395 ἀρχήν
1177 1306 1348 1391 ἀπόβαλε,
1378 1310 1431 1371 καὶ

180 1419 280 1490 αύτδς
303 1417 337 1476 ἐν
361 1409 483 1485 πέδαις
499 1408 603 1495 ἐδέθη
620 1412 675 1472 καὶ
691 1407 804 1492 ὀλίγου
819 1413 1010 1496 κατεκαύθη
1027 1406 1100 1487 ζῶν.
1134 1413 1153 1497 ή
1173 1414 1212 1473 σύ
1230 1411 1297 1474 οἴει
1314 1432 1429 1497 φρονι-
1450 1422 1473 1473 10

177 1521 328 1601 μώτερος
352 1513 439 1576 εἶναι
462 1515 630 1597 Κροίσου,
658 1508 780 1595 ἀνδρός
803 1514 889 1573 ούτιο
913 1510 1079 1574 πλουσίου
1101 1516 1157 1576 καὶ
1179 1517 1354 1576 τοσούτων
1378 1515 1430 1575 ἀν-

179 1621 333 1701 θρώπων
357 1618 517 1699 άρχοντος
535 1616 591 1676 καὶ
605 1611 736 1677 Σόλωνι
753 1619 991 1696 συγγενομένου
1006 1617 1062 1677 καὶ
1077 1613 1193 1692 ἄλλοις
1209 1613 1431 1697 παμπόλλοις

127 1720 167 1781 27
181 1724 364 1806 σοφισταῖς
370 1741 382 1793 ;
404 1720 462 1778 τὸν
486 1713 521 1777 δέ
534 1707 690 1800 Ὀρέστην
712 1717 768 1778 καί
791 1708 892 1778 αύτύν
916 1714 1025 1801 δήπου
1050 1715 1132 1800 δρᾷς
1154 1719 1188 1779 ἐν
1212 1724 1288 1793 ταῖς
1303 1739 1431 1804 τραγῳ-

180 1823 270 1898 δίαις
298 1817 498 1904 ἐγκαλοῦντα
529 1816 575 1899 τῴ
605 1815 678 1900 θεῷ
708 1819 764 1879 καὶ
786 1821 1018 1903 μεμφόμενον,
1050 1820 1154 1880 ὁπότε
1175 1821 1353 1899 μαίνοιτο,
1386 1822 1431 1894 ὡς

180 1920 492 2006 συμβουλεύσαντος
507 1921 633 1981 ἐκείνου
650 1922 709 2004 τήν
724 1924 851 2003 μητέρα
868 1921 1076 1982 ἀποκτεῖναι.
1113 1923 1171 1982 καί
1185 1941 1240 1984 τοι
1254 1925 1298 2008 μή
1317 1918 1431 2002 νόμιζε
1453 1935 1473 1984 11

178 2030 236 2090 τὸν
255 2018 453 2088 Ἀπόλλωνα
481 2019 630 2101 χαλεπόν
660 2043 694 2082 τι
723 2023 742 2105 ή
775 2023 912 2106 αἰσχρόν
941 2019 1134 2107 προστάξαι
1161 2029 1234 2099 τοῖς
1257 2025 1432 2109 ἐρωτῶσιν

179 2131 289 2192 αύτόν.
328 2118 403 2188 ἀλλ’
429 2129 513 2209 όπερ
536 2122 645 2200 εἶπον,
665 2124 819 2208 χρῆσθαι
841 2123 888 2206 τῷ
912 2123 985 2207 θεῷ
1005 2122 1166 2188 άδύνατοι
1182 2128 1285 2203 ὄντες,
1309 2127 1431 2188 ἔπειτα

178 2235 436 2313 ἐπιχειροῦντες,
461 2228 519 2306 ούχ
543 2227 672 2301 αύτούς,
697 2217 773 2286 ἀλλ)
798 2228 923 2288 ἐκεῖνον
947 2229 1134 2289 αἰτιῶνται.
1216 2230 1256 2289 σύ
1281 2228 1350 2304 ούν,
1374 2230 1432 2289 ἐάν

178 2353 238 2412 μοι
262 2331 429 2413 πεισθῇς,
460 2324 607 2414 φυλάξῃ,
634 2329 690 2389 καί
712 2331 877 2412 πρότερον
900 2330 1108 2415 προθυμήσῃ
1130 2336 1256 2411 γνῶναι
1280 2333 1432 2406 σεαυτόν,

128 2434 168 2496 28
179 2436 298 2496 ἔπειτα
324 2433 506 2517 φρονήσας,
530 2431 588 2490 ἐὰν
612 2426 693 2513 δοκῇ
717 2446 782 2505 σοι,
805 2433 881 2491 τότε
903 2428 966 2515 ήδη
989 2433 1166 2515 μαντεύσῃ.
1204 2432 1268 2513 ἐγὼ
1291 2433 1431 2515 μὲνγὰρ
1454 2444 1473 2492 11

181 2535 277 2615 οἶμαί
301 2551 337 2594 σε
359 2529 464 2617 μηδὲν
488 2528 676 2616 δεήσεσθαι
697 2532 858 2610 μαντείας
881 2540 957 2594 νοῦν
980 2534 1107 2612 ἔχοντα.
1141 2535 1197 2595 καί
1218 2533 1280 2618 γάρ
1301 2530 1341 2618 δή
1359 2536 1431 2618 δρα,

180 2641 237 2699 ἐάν
262 2653 298 2697 σε
320 2632 458 2718 κελεύσῃ
481 2636 624 2718 γράφειν
645 2634 702 2693 καὶ
725 2633 983 2714 ἀναγιγνώσκειν
1006 2635 1122 2719 ὀρθῶς
1138 2636 1183 2720 μή
1199 2639 1431 2720 γραμματικόν

180 2743 270 2815 ὄντα,
295 2739 332 2799 ού
357 2734 490 2821 δυνήσῃ.
528 2737 707 2819 γράμματα
733 2731 768 2796 δὲ
792 2733 901 2813 εἰδώς,
923 2739 979 2799 καὶ
1000 2740 1044 2824 μή
1061 2745 1123 2799 τοῦ
1135 2738 1224 2798 θεοῦ
1236 2733 1432 2812 κελεύοντος

178 2842 261 2902 κατά
285 2841 413 2924 τρόπον
436 2840 581 2921 γράψεις
603 2838 659 2897 καὶ
674 2837 859 2921 ἀναγνώσῃ.
899 2840 1026 2918 ὁμοίως
1042 2836 1077 2901 δέ
1093 2835 1176 2900 ἄλλο
1193 2841 1306 2902 ὁτιοῦν
1324 2843 1430 2925 πράτ-

179 2964 257 3019 τειν,
282 2942 339 3002 ἐάν
364 2936 593 3022 συμβουλεύσῃ
619 2956 675 3002 σοι
695 2941 739 3024 μή
765 2942 990 3022 ἐπισταμένῳ,
1015 2942 1073 3019 ούχ
1095 2940 1167 3016 οίός
1190 2962 1226 3003 τε
1249 2943 1331 3005 ἔσει.
1376 2946 1473 3006 καλῶ

180 3040 235 3129 ζῇν
259 3043 374 3126 ὀρθῶς
398 3043 435 3102 ού
460 3039 583 3126 δυνήσῃ
607 3044 650 3127 μή
676 3043 919 3121 ἐπιστάμενος,
951 3033 1023 3104 οὐδ’
1049 3044 1090 3105 άν
1111 3043 1196 3104 κατὰ
1219 3047 1279 3129 τήν
1301 3049 1429 3130 ήμέραν

179 3148 320 3229 ἑκάστην
343 3146 401 3205 τόν
420 3132 576 3204 Ἀπόλλω
600 3140 737 3228 ἐνοχλῇς
758 3146 814 3206 καὶ
831 3146 886 3206 σοὶ
899 3147 990 3226 μόνῳ
1010 3140 1161 3228 σχολάζῃ.
1198 3153 1276 3208 νοῦν
1293 3144 1329 3208 δὲ
1347 3148 1430 3226 ἔχων

126 3247 169 3308 29
180 3250 290 3330 γνώσῃ
321 3247 390 3306 ἀπό
420 3253 562 3306 σεαυτοῦ
583 3249 616 3322 ό,
640 3268 673 3308 τι
698 3263 753 3308 σοι
776 3252 943 3330 πρακτέον
965 3249 1038 3308 ἐστί
1058 3249 1114 3309 καὶ
1135 3250 1239 3322 ὅπως.
1352 3250 1371 3310 δ
1395 3247 1429 3311 δέ

178 3347 285 3411 ἔλαθέ
307 3343 383 3428 <με>
405 3349 484 3430 περὶ
505 3354 567 3407 τοῦ
591 3345 780 3422 Οἰδίποδος
802 3350 929 3425 είπεῑν,
959 3351 1012 3410 ότι
1036 3350 1085 3423 είς
1106 3347 1264 3435 Δελφούς
1286 3353 1349 3431 μὲν
1374 3353 1430 3413 ούκ

180 3448 267 3535 ἦλθε
290 3452 567 3529 μαντευσόμενος,
591 3447 638 3529 τῴ
663 3446 698 3510 δὲ
718 3452 876 3533 Τειρεσίᾳ
901 3447 1079 3531 συμβαλὼν
1100 3448 1228 3533 μεγάλα
1245 3455 1331 3514 κακὰ
1348 3455 1473 3516 dns-31]

180 3551 281 3614 λαυσε
303 3560 362 3637 τῇς
385 3551 511 3612 ἐκείνου
533 3559 694 3635 μαντικῇς
718 3547 774 3613 διὰ
797 3553 856 3636 τήν
880 3554 983 3613 αὑτοῦ
1004 3553 1151 3634 ἄγνοιαν.
1189 3555 1273 3636 ἔγνω
1295 3556 1359 3640 γάρ
1379 3559 1431 3619 ότι

266 3808 276 3854 1
298 3795 368 3858 άλλά
389 3808 448 3868 (pro
467 3795 494 3871 ἢ)
512 3800 537 3854 V
555 3793 626 3856 άλλδι
645 3802 694 3855 καί
712 3800 760 3854 UB
868 3805 883 3853 4
901 3797 1085 3875 ἐπεχείρησεν
1102 3802 1123 3856 Ρ
1141 3800 1302 3876 ἐπεχείρισε
1319 3805 1344 3858 Β

178 3880 424 3954 8τῶνριοτὸν11
477 3880 622 3941 θάλλυνΡ
675 3878 854 3951 άπέβαλενλί
910 3886 1073 3943 111πέόεοΡ
1126 3885 1380 3961 φρονιμότεροολ

179 3979 207 4027 11
224 3964 318 4029 ούτωσ
330 3971 375 4026 UP
432 3972 461 4023 13
475 3967 505 4025 ἐν
516 3978 584 4025 ταῖσ
601 3971 771 4042 τραγῳδίαις
790 3985 811 4023 e.
824 3985 863 4037 gr.
876 3969 944 4024 Eur.
958 3971 1004 4026 Or.
1018 3975 1066 4026 285
1121 3977 1150 4025 11
1169 3966 1212 4028 (δσ
1230 3990 1282 4028 om.
1301 3973 1379 4031 UBV

181 4064 209 4112 15
229 4059 357 4126 νομίζοιο
375 4060 436 4118 (om.
456 4050 504 4125 μή)
521 4054 569 4109 UB
640 4057 670 4108 18
690 4047 866 4110 ούκαύτοδσ
885 4054 931 4108 UB
990 4049 1177 4113 άλεκεῐνονΡ
1232 4063 1263 4112 19
1282 4066 1429 4133 προθυμη-

178 4140 252 4212 θήσῃ
266 4143 310 4195 ΡΥ
364 4130 700 4211 λλάναγιναίσκεινΠΡΥ
754 4132 854 4211 ὀρθῶσ
871 4145 919 4195 καί
937 4137 974 4211 μή
987 4139 1060 4197 UBV
1113 4144 1146 4195 24
1163 4135 1380 4215 dvava'oswV

178 4227 207 4283 δε
224 4227 311 4282 καὶΡ
381 4224 574 4281 αλλοτιουνλ
643 4227 675 4276 25
693 4219 871 4296 συμβουλεύῃ
889 4224 938 4278 VY
1014 4225 1117 4281 malim:
1136 4231 1185 4283 καί
1202 4230 1254 4300 ζῆν
1270 4225 1362 4299 (ἄρα)

178 4315 210 4363 26
228 4307 340 4366 καὶτὸν
356 4306 430 4368 κατὰ
450 4306 502 4366 τὸν
520 4303 644 4366 Ἀπόλλω
663 4308 686 4363 U
704 4312 753 4364 καὶ
776 4305 829 4364 τὸν
854 4302 978 4366 Ἀπόλλω
998 4311 1018 4362 Β
1089 4314 1121 4365 28
1145 4307 1250 4370 ἔλαθεν
1273 4315 1324 4370 UV
1342 4311 1430 4372 ἔλαθε

178 4396 272 4459 ceteri,
295 4415 330 4463 με
349 4411 400 4450 om.
421 4410 526 4459 omnes,
545 4394 606 4448 add.
625 4394 733 4448 Geelius
821 4398 853 4448 30
871 4386 958 4466 ἦλθεν
977 4396 1023 4451 UV
1109 4392 1256 4469 άπήλαυσε
1274 4399 1336 4466 VP,
1357 4402 1429 4470 quod

177 4479 292 4532 Dionem
310 4481 450 4547 scripsisse
468 4496 522 4533 non
540 4479 692 4547 praefracte
709 4480 860 4546 negaverim
