3068 5160
222 312 341 370 XXXVI
708 307 999 364 PROLHGOMHNA.

223 485 301 551 inde
324 483 482 550 alitteris
504 481 746 549 renascentibus
768 479 918 548 editores.
940 479 1035 546 Alius
1052 497 1129 544 vero
1142 477 1297 544 librarius
1314 479 1417 563 (VM),
1443 481 1496 564 qui

185 600 190 612 ·
225 587 279 652 vel
308 583 447 650 indicem
475 585 645 650 invenerat
673 585 758 650 iusto
786 582 899 648 ordine
926 582 1042 648 Dionis
1070 599 1168 665 opera
1197 579 1416 647 exhibentem
1446 582 1495 647 vel

223 687 315 753 aliud
339 687 509 770 archetypi
530 686 739 770 apographon
764 704 806 751 ex
833 685 959 768 integro
987 683 1086 748 etiarn
1115 689 1182 750 tum
1214 682 1330 749 codice
1362 681 1494 765 factum,

226 790 388 856 intellexit
410 793 530 873 quanto
552 788 706 871 pristinus
730 787 786 853 ille
808 785 885 852 ordo
907 791 1098 870 praestaret.
1142 784 1354 852 Probabilius
1387 789 1496 849 autem

223 890 341 957 indicis
352 909 416 955 non
427 888 548 955 codicis
560 907 621 972 ope
632 888 802 973 pristinum
813 887 959 954 ordinem
971 887 1135 953 alibrario
1142 885 1409 952 VMrevocatum
1416 906 1495 953 esse.

223 992 403 1075 Descripsit
414 992 499 1057 enim
511 997 546 1056 ut
557 991 708 1056 vitiorum
720 1009 894 1057 consensus
911 988 1004 1055 docet
1019 987 1157 1056 eundem
1171 988 1289 1054 librum
1306 1008 1412 1073 quem
1428 987 1494 1056 ΠΒ.

310 1093 380 1158 Hac
395 1091 462 1158 fere
477 1093 602 1158 ratione
617 1090 763 1159 diversas
778 1091 925 1158 codicum
940 1091 1083 1158 familias
1100 1095 1187 1156 ortas
1202 1109 1274 1156 esse
1289 1096 1387 1175 puto,
1412 1112 1495 1176 quae

222 1197 305 1262 ratio
315 1194 495 1260 intricatior
511 1193 648 1260 fortasse
665 1193 837 1276 videbitur,
856 1192 914 1260 sed
935 1199 971 1259 ut
986 1195 1093 1278 magis
1111 1193 1291 1277 simplicem
1308 1192 1496 1261 invenirem

222 1319 287 1364 non
299 1297 377 1362 mihi
392 1295 536 1378 contigit.
552 1296 683 1360 Mallem
695 1295 837 1380 profecto
850 1294 980 1362 credere
989 1297 1024 1361 in
1035 1296 1196 1362 communi
1207 1295 1361 1361 codicum
1371 1295 1494 1362 UBVM

223 1401 400 1484 archetypo
422 1398 541 1462 iustum
564 1395 709 1462 ordinem
731 1396 840 1478 iuuisse,
863 1403 1026 1463 servatum
1042 1419 1063 1464 a
1077 1398 1150 1482 VM,
1172 1398 1340 1464 turbatum
1364 1397 1411 1465 ab
1428 1398 1492 1466 ΠΒ.

223 1502 289 1568 Sed
304 1502 418 1581 obstat,
443 1498 530 1582 quod
550 1497 698 1564 turbatus
720 1498 866 1564 codicum
885 1498 944 1564 UB
967 1499 1044 1565 ordo
1067 1520 1109 1567 ex
1132 1499 1246 1566 eadem
1260 1499 1443 1586 archetypi
1465 1506 1493 1566 et

223 1602 316 1669 clade
338 1608 371 1667 et
393 1602 428 1666 in
441 1601 603 1683 integrum
618 1601 821 1666 restitutione
835 1599 990 1667 facillime
1013 1602 1205 1687 explicatur,
1229 1601 1323 1667 cuius
1348 1602 1492 1686 vestigia

222 1706 256 1769 in
271 1704 334 1770 VM
349 1722 478 1788 quoquc
492 1703 705 1786 reperiuntur.
742 1701 826 1766 Nam
841 1703 870 1767 si
886 1701 989 1768 codex
1003 1704 1061 1769 ille
1078 1705 1246 1789 suppletus
1264 1703 1355 1769 iusto
1381 1702 1500 1769 ordine·

223 1806 332 1870 omnia
348 1806 535 1889 complexus
551 1811 643 1887 esset,
660 1802 802 1888 proiecto
822 1805 963 1886 intelligi
979 1825 1043 1870 non
1058 1811 1176 1890 posset,
1194 1825 1251 1871 cur
1264 1804 1325 1871 UB
1342 1805 1489 1872 ordinem

221 1907 384 1973 turbasset
396 1913 494 1992 atque
509 1908 557 1972 ita
570 1907 740 1990 turbasset,
756 1912 792 1970 ut
804 1905 934 1972 easdem
950 1909 1120 1991 orationes,
1137 1927 1221 1992 quae
1235 1908 1270 1972 in
1284 1907 1346 1972 PH
1364 1906 1489 1990 desunt,

221 2009 292 2074 loco
315 2015 468 2074 moveret.
505 2009 609 2074 Plane
625 2009 720 2074 aliter
743 2014 827 2074 esset
849 2007 1067 2092 iudicandum,
1091 2012 1119 2076 si
1134 2011 1192 2075 PH
1214 2029 1287 2075 oum
1302 2008 1367 2075 UB
1390 2011 1490 2076 artius

223 2111 419 2176 cohaereret.
469 2112 657 2176 Diceremus
690 2111 775 2176 enim
805 2111 937 2194 stirpem
958 2110 1022 2176 VM
1047 2111 1150 2179 cladis
1178 2114 1357 2177 immunem
1380 2111 1489 2195 fuisse,

222 2211 365 2276 codicem
380 2211 498 2276 PHUB
514 2213 561 2277 ita
575 2210 674 2278 tuisse
690 2213 881 2296 mutilatum,
897 2217 933 2277 ut
948 2214 1088 2278 omnium
1102 2213 1256 2280 librorum
1271 2213 1488 2299 archetypum

220 2312 321 2378 fuisse
343 2333 401 2378 nos
424 2312 577 2396 dicimus3
600 2333 684 2397 quae
706 2314 896 2379 exciderant
918 2315 1119 2399 supplevisse
1135 2314 1193 2382 UB
1215 2313 1273 2381 sed
1294 2314 1383 2382 falso
1406 2316 1484 2382 loco.

222 2413 288 2480 Sed
310 2414 372 2478 hac
395 2414 519 2479 ratione
542 2434 606 2478 non
622 2415 850 2499 explicaretur,
874 2415 1032 2500 quomodo
1053 2416 1175 2482 factum
1196 2417 1239 2484 sit
1253 2422 1289 2482 ut
1303 2419 1338 2484 M
1354 2437 1483 2504 quoquc

223 2516 401 2582 orationem
424 2520 503 2603 περὶ
527 2516 663 2603 φθόνου
688 2515 856 2583 divideret.
900 2517 1015 2601 Neque
1037 2518 1123 2583 enim
1146 2516 1211 2583 dici
1232 2523 1356 2603 potest,
1381 2521 1484 2587 solnm

220 2619 350 2684 titulum
372 2623 453 2706 περὶ
476 2618 611 2706 φθόνου
635 2621 657 2701 β
678 2616 824 2684 familiae
838 2619 902 2685 VM
924 2639 965 2685 ex
988 2620 1092 2685 altera
1112 2619 1239 2686 familia
1255 2621 1387 2688 illatum
1402 2642 1482 2704 esse,

221 2740 293 2787 cum
316 2721 527 2787 certissimum
550 2721 592 2786 sit
613 2721 684 2804 ipso
706 2720 763 2784 illo
785 2721 856 2785 loco
878 2720 1039 2805 quaedam
1061 2721 1233 2789 excidisse.

309 2821 368 2887 Sin
383 2829 491 2888 autem
506 2823 570 2888 VM
584 2842 657 2888 cum
674 2821 732 2886 PH
755 2823 856 2889 artius
879 2824 1051 2890 cohaerere
1066 2843 1163 2908 quam
1185 2843 1257 2890 cum
1272 2825 1332 2891 ΠΒ
1345 2845 1484 2910 ponere·

220 2944 306 3006 mus,
336 2925 436 2988 multo
459 2925 563 3005 magis
585 2943 637 2988 res
658 2923 888 3007 implicaretur.
939 2925 1135 3010 Sequeretur
1164 2927 1250 2993 enim
1278 2932 1314 2991 ut
1342 2928 1483 3012 primum

222 3043 422 3089 communem
444 3025 586 3089 omnium
608 3024 761 3089 librorum
790 3025 999 3110 archetypum
1026 3027 1173 3093 ultimam
1202 3033 1328 3112 partem
1355 3028 1437 3096 inde
1464 3049 1484 3094 a

220 3125 329 3191 media
351 3146 395 3190 or.
419 3130 499 3213 περὶ
516 3125 652 3213 φθόνου
668 3125 813 3191 omisisse
829 3126 1040 3210 crederemus,
1065 3147 1106 3194 ex
1121 3128 1181 3195 hoc
1195 3129 1278 3195 libro
1292 3131 1398 3195 alium
1414 3149 1483 3197 esse

221 3225 425 3310 descriptum,
450 3226 506 3310 qui
527 3227 611 3291 hanc
633 3233 758 3311 partem
780 3247 837 3293 suo
852 3229 924 3294 loco
939 3229 1130 3311 restitueret,
1154 3229 1235 3296 duas
1250 3251 1327 3296 vero
1348 3231 1483 3298 haberet

221 3333 300 3414 περὶ
324 3326 459 3416 φθόνον
476 3329 653 3413 orationes,
676 3348 718 3395 ex
740 3329 800 3395 hoc
815 3331 945 3395 tertium
960 3329 1077 3395 librum
1093 3330 1287 3417 descriptum
1309 3352 1393 3418 esse,
1417 3334 1481 3420 qui,

220 3437 255 3494 ut
271 3428 329 3495 UB
351 3428 484 3512 faciunt,
508 3432 670 3497 orationes
693 3430 787 3497 modo
808 3432 973 3498 restitutas
995 3451 1054 3498 nec
1076 3453 1141 3499 non
1162 3434 1341 3502 Euboicum
1364 3435 1483 3503 alienis

219 3532 300 3597 locis
323 3550 412 3597 mera
433 3532 581 3598 mutandi
603 3533 740 3600 libidine
762 3533 877 3600 ductus
891 3535 1117 3618 interponeret,
1141 3542 1173 3602 et
1195 3541 1344 3621 quartum
1360 3535 1482 3621 dequo

219 3634 302 3698 nihil
326 3632 392 3699 dici
414 3641 538 3719 posset,
567 3636 631 3702 nisi
654 3637 800 3720 quintum
823 3641 855 3701 et
877 3641 1004 3701 sextum
1027 3635 1170 3702 codicem
1192 3657 1233 3704 ex
1256 3657 1294 3704 eo
1317 3636 1482 3704 derivatos

220 3755 300 3819 esse,
326 3736 473 3819 quintum
497 3737 553 3820 qui
581 3743 617 3801 ut
638 3737 696 3802 PH
725 3737 848 3802 faciunt
878 3755 918 3800 ea
947 3756 1031 3818 quae
1060 3738 1095 3801 in
1122 3737 1185 3804 fine
1207 3738 1359 3824 suppleta
1389 3744 1482 3805 erant

219 3858 330 3903 rursus
352 3838 501 3902 omittens
525 3857 602 3903 casu
624 3838 764 3922 quodam
787 3836 899 3904 eodem
921 3839 992 3902 loco
1015 3837 1160 3904 ordinem
1189 3840 1281 3923 sequi
1310 3838 1483 3907 desisteret

218 3940 275 4004 ubi
298 3939 461 4022 quondam
477 3939 618 4003 omnium
640 3940 697 4006 ille
720 3939 915 4024 archetypus
937 3939 1042 4006 fuerat
1057 3941 1239 4023 mutilatus,
1262 3961 1349 4007 nunc
1371 3949 1481 4008 autem

219 4043 252 4104 in
277 4040 388 4105 codice
409 4039 507 4124 pleno
522 4040 612 4105 nulla
628 4047 698 4106 erat
714 4039 890 4107 desistendi
905 4061 1015 4126 causa,
1037 4047 1164 4108 sextum
1180 4040 1319 4128 denique
1334 4043 1482 4110 codicum

220 4142 282 4207 VM
306 4141 527 4226 archetypum,
552 4142 608 4225 qui
630 4142 712 4206 nibil
741 4148 888 4208 mutaret.
934 4143 1025 4208 Haec
1047 4163 1111 4208 non
1132 4149 1210 4228 puto
1232 4144 1300 4210 fors
1329 4146 1386 4231 qui
1410 4165 1481 4212 mec

219 4243 405 4308 coniectura
427 4243 647 4327 probabiliora
669 4243 800 4309 iudicet.
1322 4303 1325 4309 .

309 4342 432 4420 Quodsi
460 4345 542 4411 haec
570 4345 754 4430 probabilia
787 4345 1038 4429 disputavimus,
1075 4365 1193 4412 novum
1220 4347 1297 4414 inde
1325 4347 1481 4415 accrescit

219 4445 401 4510 sententiae
424 4453 553 4514 nostrae
577 4446 618 4513 de
640 4448 737 4512 trium
761 4445 908 4513 codicum
932 4445 1091 4512 affinitate
1114 4446 1368 4516 fundamentum.
