3068 5160
204 334 266 392 200
668 331 791 388 DIONIS
809 330 988 387 VENATOR

199 512 347 592 χάριτος,
365 511 401 582 ός
413 527 450 589 γε
464 497 537 568 οὐδ’
556 507 688 569 όπόθεν
703 500 789 589 ἦσαν
804 509 1009 592 ηπιστάμην.
1040 506 1084 590 μη
1101 506 1163 589 γάρ
1179 506 1271 584 ὑμῶν
1288 522 1325 584 γε
1340 499 1469 587 μηδείς

201 614 386 694 περιπέσοι
409 609 551 689 τοιούτῳ
576 611 760 692 πράγματι.

285 719 389 773 ταῦτα
414 707 449 771 δέ
473 712 557 789 ἐμοῦ
579 706 733 791 λέγοντος
755 710 936 770 ἀνίσταταί
963 729 1015 784 τις
1037 710 1073 769 ἐκ
1094 712 1224 788 μέσων·
1252 708 1345 789 κάγώ
1373 709 1468 791 πρός

199 815 343 894 ἐμαυτὸν
366 811 585 896 ἐνεθυμήθην
609 814 662 872 ότι
691 808 793 886 ἀλλος
827 817 981 884 τοιοῦτος
1009 812 1107 889 τυχόν
1136 811 1220 889 ἐμοῦ
1240 812 1466 890 καταψευσό-

148 920 306 995 54μενος.
363 910 441 975 δ’δὲ
464 912 576 990 εἶπεν,
604 905 757 997 Ἄνδρες,
789 913 852 993 ἐγώ
884 909 992 973 πάλαι
1015 919 1133 973 τοῦτον
1156 912 1358 995 ἀμφιγνοῶν
1382 912 1507 996 rjai-5

201 1034 300 1078 στουν
322 1019 422 1096 ὅμως.
461 1017 538 1078 ἐπεί
554 1012 589 1077 δέ
608 1022 728 1100 σαφῶς
751 1015 851 1078 αὐτόν
873 1017 1010 1096 ἔγνωκα,
1035 1011 1145 1075 δεινόν
1166 1031 1227 1092 μοι
1250 1009 1354 1090 δοκεῖ,
1378 1010 1468 1093 μᾶλ-
1483 1027 1529 1078 (110

200 1116 256 1180 λον
288 1115 323 1179 δὲ
353 1118 489 1198 ἀσεβές,
518 1119 563 1202 μη
595 1118 705 1179 εἰπεῖν
730 1119 750 1177 ἀ
775 1118 1026 1196 συνεπίσταμαι
1047 1106 1129 1199 μηδ’
1155 1111 1348 1176 ἀποδοῦναι
1373 1111 1467 1197 λόγῳ

146 1223 186 1282 55
196 1222 305 1304 χάριν,
328 1220 412 1305 έργφ
430 1219 471 1279 τά
487 1222 629 1299 μέγιστα
645 1218 684 1278 εὖ
698 1218 835 1281 παθών.
875 1219 945 1297 εἰμί
963 1215 1009 1294 δέ,
1032 1218 1110 1302 ἐφη,
1134 1212 1287 1299 πολίτης,
1311 1216 1361 1290 ὡς
1378 1214 1469 1293 ἴστε,

197 1323 253 1383 καί
275 1318 342 1396 όδε,
367 1317 479 1396 δείξας
501 1321 559 1381 τόν
576 1320 876 1404 παρακαθήμενον,
898 1321 956 1382 καί
978 1320 1015 1394 ὃς
1030 1321 1215 1402 ἐπανέστη·
1238 1320 1403 1397 ἐτύχομεν
1429 1317 1468 1380 δὲ

200 1419 361 1495 πλέοντες
383 1424 418 1483 ἐν
441 1429 482 1506 τῇ
504 1419 676 1497 Σωκλέους
699 1425 753 1506 νηί
775 1424 889 1506 τρίτον
912 1422 997 1495 ἔτος.
1041 1422 1098 1482 καί
1122 1417 1381 1505 διαφθαρείσης
1404 1430 1470 1507 τῆς
1493 1431 1519 1484 10

199 1525 282 1598 νεώς
298 1524 378 1606 περὶ
392 1525 451 1586 τὸν
467 1524 633 1608 Καφηρέα
651 1520 827 1598 παντελῶς
843 1520 953 1604 όλίγοι
970 1523 1059 1597 τινὲς
1082 1521 1262 1606 ἐσώθημεν
1285 1522 1357 1583 ἀπό
1376 1520 1467 1585 πολ-

123 1677 126 1682 ,
200 1622 275 1687 λῶν.
320 1628 399 1700 τοῦς
426 1627 486 1705 μὲν
516 1625 573 1687 οῦν
602 1630 793 1710 πορφυρεῖς
824 1622 1004 1705 ἀνέλαβον·
1034 1622 1124 1702 εἶχον
1150 1623 1212 1706 γάρ
1236 1623 1346 1685 αὐτῶν
1372 1645 1469 1700 τινες

200 1729 358 1813 ἀργύριον
386 1729 421 1789 ἐν
450 1725 669 1812 φασκωλίοις.
717 1731 815 1812 ημεῖς
846 1722 881 1787 δὲ
911 1727 1029 1808 γυμνοί
1059 1721 1235 1799 παντελῶς
1256 1726 1469 1803 ἐκπεσόντες

199 1821 248 1891 δι’
280 1831 439 1914 ἀτραποῦ
464 1849 557 1904 τινος
585 1824 801 1911 ἐβαδίζομεν,
831 1822 1025 1904 ἐλπίζοντες
1053 1828 1206 1912 εὑρήσειν
1231 1832 1359 1912 σκέπην
1384 1830 1466 1892 τινά

200 1936 373 2011 ποιμένων
387 1932 407 2017 ἢ
423 1929 603 2013 βουκόλων,
627 1929 873 2005 κινδυνεύοντες
888 1931 956 1991 ὑπό
981 1927 1082 2009 λιμοῦ
1101 1931 1216 1992 τεκαὶ
1239 1927 1366 2011 δίψους
1390 1927 1468 1993 δια·
1492 1943 1518 1993 15

147 2033 387 2120 56φθαρῆναι.
431 2035 488 2095 καί
505 2030 604 2113 μόλις
633 2035 717 2095 ποτέ
739 2030 891 2118 ἤλθομεν
914 2033 973 2093 ἐπί
996 2034 1118 2117 σκηνάς
1141 2052 1251 2108 τινας,
1280 2033 1338 2093 καί
1361 2035 1466 2094 στάν-

197 2156 252 2210 τες
275 2137 433 2216 έβοῶμεν.
472 2133 656 2220 προελθών
680 2133 715 2198 δὲ
735 2133 833 2210 οῦτος
856 2136 985 2216 είσάγει
1000 2155 1035 2196 τε
1057 2138 1143 2216 ημᾶς
1158 2130 1253 2195 ἐνδον
1267 2135 1324 2195 καί
1339 2134 1466 2196 ἀνέκαε

198 2245 264 2320 πῦρ
283 2239 340 2298 οὐκ
356 2238 497 2321 ἀθρόον,
514 2235 598 2298 ἀλλά
610 2230 685 2298 κατ’
706 2234 834 2318 ὀλίγον·
849 2238 906 2298 καί
920 2238 978 2297 τόν
989 2237 1050 2315 μὲν
1066 2240 1160 2320 ημῶν
1176 2235 1276 2309 αὐτὸς
1291 2236 1464 2320 ἀνέτριβε,

197 2340 255 2399 τόν
286 2335 321 2399 δὲ
350 2342 369 2422 η
399 2341 477 2424 γυνη
509 2344 642 2400 στέατι·
673 2339 711 2398 οά
739 2339 801 2421 γάρ
825 2335 870 2422 ’ἦν
894 2329 1010 2411 αὐτοῖς
1033 2334 1163 2399 ἔλαιον·
1186 2333 1282 2411 τέλος
1305 2333 1341 2398 δέ
1366 2336 1463 2424 ὕδωρ

145 2444 187 2504 57
198 2443 353 2518 κατέχεον
384 2439 530 2524 θερμόν,
560 2443 623 2513 έως
652 2436 815 2520 ἀνέλαβον
845 2441 1115 2521 ἀπεψυγμένους.
1161 2440 1280 2501 ἔπειτα
1303 2439 1466 2504 κατακλί-
1490 2453 1517 2503 2)

197 2562 314 2616 ναντες
335 2543 391 2605 καί
414 2538 656 2625 περιβαλόντες
680 2541 731 2616 οίς
754 2540 843 2620 εἶχον
866 2541 1069 2625 παρέθηκαν
1088 2546 1208 2626 φαγεῖν
1229 2544 1309 2626 ημῖν
1333 2542 1464 2626 ἀρτους

198 2645 375 2728 πυρίνους,
408 2645 503 2706 αὐτοὶ
534 2640 569 2705 δέ
591 2648 733 2728 ,κέγχρον
766 2644 880 2728 έφθην
901 2643 1044 2726 ἤσθιον.
1075 2639 1202 2704 ἔδωκαν
1226 2639 1262 2704 δέ
1284 2645 1340 2706 καί
1362 2643 1463 2708 οἶνον

198 2751 275 2828 ημῖν
298 2751 411 2823 πιεῖν,
441 2743 531 2829 ὕδωρ
555 2747 651 2808 αάτοί
673 2747 846 2819 πίνοντες,
873 2745 929 2805 καί
949 2743 1030 2827 κρέα
1053 2740 1197 2829 ἐλάφεια
1221 2745 1392 2820 ὀπτῶντες
1417 2750 1459 2806 ά-

199 2849 327 2932 φθονα,
350 2849 391 2908 τά
409 2845 444 2908 δέ
461 2850 618 2928 ἕψοντες·
642 2855 683 2932 τῇ
700 2839 732 2908 δ’
750 2847 912 2930 ὑστεραίᾳ
934 2842 1159 2926 βουλομένους
1181 2847 1323 2909 ἀπιέναι
1335 2853 1460 2910 κατέσ·

146 2952 187 3013 58
196 2969 255 3027 χον
284 2951 344 3010 ἐπί
370 2953 461 3032 τρεῖς
488 2953 624 3033 ημέρας.
673 2950 792 3010 ἔπειτα
822 2950 1056 3031 προύπεμψαν
1085 2949 1134 3022 είς
1163 2949 1201 3008 τό
1232 2945 1370 3025 πεδίον,
1403 2953 1463 3014 καὶ
1488 2964 1516 3014 21

198 3051 343 3111 ἀπιοῦσι
357 3053 456 3132 κρέας
472 3047 599 3113 ἔδωκαν
614 3052 671 3113 καί
686 3048 791 3136 δέρμα
809 3054 952 3133 ἐκατέρῳ
971 3051 1060 3111 πάνυ
1075 3045 1185 3111 καλόν.
1232 3050 1290 3128 ἐμὲ
1315 3047 1352 3112 δέ
1369 3052 1461 3136 δρῶν

196 3153 232 3212 ἐκ
254 3160 314 3236 της
335 3152 572 3227 κακοπαθείας
587 3154 639 3214 ἐτι
661 3155 818 3238 πονήρως
834 3154 952 3230 έχοντα
968 3149 1103 3213 ἐνέδυσε
1118 3152 1287 3230 χιτώνιον,
1310 3161 1371 3238 τῆς
1394 3155 1461 3216 θυ-

196 3254 319 3336 γατρός
342 3250 567 3337 ἀφελόμενος·
590 3256 697 3339 ἐκείνη
723 3252 758 3316 δέ
782 3250 864 3314 ἀλλο
888 3275 922 3314 τι
937 3256 1039 3337 ῥάκος
1063 3247 1304 3337 περιεζώσατο.
1344 3263 1460 3333 τοῦτο,

119 3416 127 3432 ,
197 3350 315 3439 ἐπειδη
340 3356 375 3415 ἐν
398 3363 439 3438 τῇ
453 3358 546 3440 κώμη
563 3358 731 3439 ἐγενόμην,
755 3353 925 3417 ἀπέδωκα.
965 3357 1071 3430 οὕτως
1087 3358 1183 3440 ημεῖς
1198 3375 1234 3437 γε
1250 3357 1317 3417 ὑπὸ
1334 3359 1460 3420 τούτου

198 3452 347 3535 μάλιστα
371 3458 551 3541 ἐσώθημεν
574 3459 658 3538 μετά
681 3459 760 3531 τοὺς
781 3457 895 3530 θεούς.
1487 3473 1517 3525 10

149 3561 189 3624 59
286 3567 390 3620 ταῦτα
415 3557 451 3621 δὲ
474 3562 600 3622 ἐκείνου
625 3556 778 3640 λέγοντος
796 3560 890 3637 όμέν
914 3554 1019 3642 δῆμος
1041 3558 1157 3642 ἤκουεν
1179 3554 1359 3643 ηδέωςκαί
1373 3554 1462 3644 ἐπῄ-

285 3726 295 3775 1
316 3712 370 3779 οδο
388 3742 421 3794 γε
439 3723 519 3778 UBM
581 3715 645 3779 οὐδ’
665 3713 737 3779 ὅθεν
754 3720 848 3778 ποθὲν
864 3718 972 3784 ΠΒΡΗ,
989 3719 1083 3776 ποθὲν
1100 3736 1152 3776 om.
1171 3721 1209 3788 Μ,
1228 3736 1298 3776 corr.
1316 3720 1400 3790 Emp.

200 3808 215 3857 2
233 3804 373 3876 περιπέσῃ
390 3806 453 3861 libri
470 3805 622 3878 περιπέσοι
640 3807 663 3860 Τ
744 3810 761 3859 4
778 3802 870 3862 ἀλλοσ
888 3808 1025 3860 τοιοῦτοσ
1037 3805 1067 3858 Μ
1084 3800 1175 3863 ἀλλοσ
1194 3796 1283 3863 οὗτοσ
1299 3806 1350 3863 UB
1368 3802 1463 3873 ἀλλος

197 3909 239 3955 τις
262 3884 316 3946 τὸν
339 3881 428 3947 οὗτοσ
445 3889 467 3942 Ρ
486 3885 577 3947 ἀλλοσ
600 3911 641 3955 τις
660 3894 793 3954 τοιοῦτος
812 3888 838 3943 Η
924 3885 1186 3960 καταψευσάμενοο
1208 3890 1231 3944 Ρ
1321 3894 1336 3945 6
1359 3887 1460 3962 ἐπειδὴ

197 3978 258 4037 (om.
278 3973 318 4039 δὲ)
335 3975 384 4030 UB
455 3981 468 4027 7
486 3975 555 4047 μηδὲ
566 3975 646 4030 UBM
699 3979 713 4029 8
732 3969 807 4058 &Q
825 3973 873 4041 (nil
895 3973 950 4027 nisi
966 3971 982 4029 έ
999 3988 1016 4027 ο
1034 3987 1116 4029 manu
1127 3991 1182 4044 pr.;
1201 3979 1293 4030 cetera
1303 3974 1332 4028 in
1350 3989 1462 4044 rasura,

199 4077 280 4131 etiam
291 4082 435 4145 accentus3
452 4075 505 4130 fuit
522 4071 589 4148 ἐγώ)
607 4077 632 4132 U
650 4072 706 4148 ἐγώ
724 4076 778 4130 ΒΜ
881 4080 896 4129 9
915 4069 969 4132 τὸν
986 4073 1045 4151 π’·’ρα
1063 4078 1091 4144 (i.
1109 4091 1132 4131 e.
1151 4075 1273 4144 πατέρα)
1288 4071 1463 4147 καθήμενον

198 4177 301 4227 omnes,
320 4166 434 4231 excepto
452 4160 482 4214 M
545 4166 575 4215 10
595 4160 770 4218 σοκλέουσΡ
832 4166 861 4215 11
881 4161 1041 4233 καφιρέαΡ
1104 4159 1276 4231 151υμοῦΡ
1330 4165 1361 4215 11
1380 4165 1463 4234 βοῶ·

196 4245 284 4312 μενΡ
362 4239 536 4319 προσελθών
553 4245 633 4302 UBM
724 4250 754 4301 21
774 4241 841 4317 ἡμῖν
858 4254 962 4317 φαγεῖν
986 4247 1048 4312 (hoc
1066 4247 1136 4313 ord.)
1153 4247 1179 4300 H
1274 4249 1306 4299 22
1324 4234 1408 4302 οὗτοι
1430 4247 1463 4304 δὲ

198 4329 276 4384 ΡΗΜ
363 4334 396 4384 24
420 4325 455 4387 τά
481 4330 510 4387 δὲ
533 4326 657 4402 ἕψοντες
680 4331 732 4386 del.
751 4332 815 4386 wil.
901 4330 1132 4404 βουλευομένονσ
1154 4330 1233 4387 PMU
1250 4346 1286 4386 m.
1304 4345 1346 4400 pr.
1372 4336 1462 4398 (nunc

126 4455 131 4464 .
197 4414 460 4483 βουλειεομένουσ)
548 4420 580 4469 29
604 4435 636 4488 γε
654 4415 751 4471 om.H
836 4410 948 4487 ἢμεῐσβ
965 4419 991 4481 (2
1010 4416 1104 4471 literae
1126 4413 1347 4482 evanuerunt)U
1373 4408 1462 4485 ἣμεῑσ

199 4517 231 4555 τε
249 4498 302 4552 ΒΜ
372 4504 401 4554 31
423 4494 457 4556 τὰ
477 4499 507 4556 δὲ
524 4505 583 4567 (pro
602 4503 691 4555 ταῦτα
709 4499 748 4566 δὲ)
767 4500 788 4552 Ρ
806 4494 870 4557 τάδ’
888 4501 914 4555 Η
982 4497 1090 4572 ἤκουον
1107 4500 1156 4555 UB
