3068 5160
211 331 273 392 316
625 328 750 386 DIONIS
768 328 923 384 TARsch
940 328 1053 385 PRIOR

211 505 246 568 δέ
262 503 302 591 ην
319 503 461 568 δυνατδν
477 507 571 591 παρὰ
588 514 655 567 τῶν
671 511 835 588 γυναικῶν
851 502 1059 589 προσλαβεῖν
1074 499 1153 586 (τά)
1167 507 1274 588 ἔτερα,
1299 499 1402 588 δῆλον
1418 504 1471 564 δτι

210 605 386 682 παντελῶς
408 600 481 670 τότ’
507 610 547 670 ἀν
569 604 651 692 ημεν
675 605 881 686 εύδαίμονες,
906 608 943 668 ού
965 607 1126 690 καθάπερ
1150 613 1206 668 νύν
1222 602 1349 679 ἐνδεεῖς
1365 606 1470 682 όντες,

210 702 286 772 ἀλλ’
312 707 489 795 όλόκληροί
511 731 600 784 τινες
621 711 677 771 καί
699 709 783 770 κατά
808 711 911 793 φύσιν
934 705 1141 793 ἀνδρόγυνοι.

450 1216 527 1301 (17)
550 1212 869 1297 ΤΑΡΣΙΚΟΣ
899 1211 1227 1293 ΔΕΥΤΕΡΟΣ.

175 1478 187 1535 1
295 1473 363 1536 Ούκ
392 1475 500 1555 ἀγνοῶ
530 1479 606 1553 μέν,
637 1473 663 1534 ὦ
694 1471 813 1558 ἀνδρες
839 1478 1000 1558 Ταρσεῖς,
1030 1477 1083 1535 ότι
1106 1466 1279 1551 νομίζεται
1300 1472 1358 1532 καί
1381 1464 1468 1555 παρ’

206 1578 284 1655 ύμῖν
312 1577 369 1637 καί
398 1576 492 1659 παρδ
521 1579 595 1649 τοῖς
626 1572 743 1649 ἀλλοις
771 1576 850 1650 τούς
880 1572 1024 1649 πολίτας
1053 1577 1215 1659 παριέναι
1243 1573 1300 1635 καί
1323 1574 1501 1654 συμβουύ

208 1674 325 1750 λεύειν,
350 1678 387 1738 ού
410 1679 491 1751 τούς
512 1678 682 1756 τυχόντας,
706 1673 791 1737 ἀλλά
807 1679 886 1751 τούς
901 1679 1089 1762 γνωρίμους
1104 1678 1160 1738 καί
1175 1677 1254 1750 τούς
1269 1671 1468 1753 πλουσίους,

207 1781 259 1841 ἔτι
288 1776 323 1840 δέ
352 1781 431 1854 τούς
459 1775 569 1853 καλῶς
599 1776 921 1863 λελειτουργηκότας.
969 1780 1006 1839 ού
1034 1779 1096 1862 γάρ
1126 1775 1262 1860 εύλογον
1293 1776 1379 1852 ἴσως
1410 1786 1469 1864 τῆς

205 1883 267 1961 μὲν
291 1883 409 1956 οὐσίας
431 1889 490 1966 τῆς
512 1888 579 1942 τῶν
603 1879 778 1943 πλουσίων
799 1884 949 1959 μετέχειν
972 1882 1059 1959 ύμάς
1074 1883 1112 1941 τό
1128 1885 1241 1964 μέρος,
1263 1887 1324 1965 τῆς
1342 1875 1378 1940 δέ
1396 1876 1468 1941 δια-

206 1984 302 2057 νοίας
324 1985 368 2069 μη
393 1980 591 2061 ἀπολαύειν,
616 1985 720 2044 ὁποία
745 1975 826 2044 ποτ’
852 1985 893 2045 ἀν
914 1963 946 2067 ᾗ.
984 1985 1097 2045 καίτοι
1111 1979 1316 2067 κιθαρῳδῶν
1332 2001 1369 2063 γε
1386 1983 1468 2043 όπό-

206 2107 267 2147 ταν
290 2087 424 2147 ἀκούειν
446 2081 634 2170 ἐθελησητε
655 2087 675 2170 ἢ
700 2082 851 2169 αύλητῶν
874 2086 894 2169 ἢ
919 2082 1073 2169 ἀθλητάς
1095 2084 1253 2167 θεωρεῖν,
1277 2084 1315 2144 ού
1333 2080 1467 2145 καλεῖτε
1487 2089 1511 2140 ῶ

207 2189 285 2261 τούς
313 2183 500 2261 πλουσίους
529 2183 605 2248 ούδέ
633 2188 712 2261 τούς
741 2184 902 2263 πολίτας,
932 2184 1017 2247 ἀλλά
1040 2188 1118 2260 τούς
1141 2188 1391 2264 ἐπισταμένους
1412 2188 1469 2248 καί

171 2286 426 2367 2δυναμένους,
458 2290 516 2367 ούχ
544 2291 640 2367 ὑμεῖς
668 2290 788 2367 μόνον,
819 2285 904 2349 ἀλλὰ
928 2291 1053 2363 πάντες
1076 2291 1110 2349 οί
1132 2295 1293 2349 τοιοῦτοι.
1340 2289 1379 2349 ού
1401 2290 1468 2374 μην

207 2387 284 2451 ούδέ
307 2391 413 2451 έκεῖνο
439 2386 603 2450 λανθάνει
625 2410 683 2467 με,
713 2392 766 2451 ότι
788 2392 867 2464 τούς
890 2393 924 2452 έν
947 2394 1054 2472 τούτῳ
1078 2389 1126 2472 τῷ
1146 2375 1296 2475 σχηματι
1320 2391 1470 2474 σύνηθες

205 2495 266 2571 μέν
289 2493 363 2553 ἐστι
386 2496 459 2565 τοῖς
482 2487 625 2564 πολλοῖς
640 2490 806 2563 Κυνικούς
827 2489 956 2554 καλεῖν·
981 2494 1018 2553 ού
1041 2495 1145 2572 μόνον
1169 2489 1204 2553 δέ
1221 2489 1318 2553 ούδὲν
1334 2490 1468 2554 οἴονται

208 2591 384 2679 διαφέρειν
397 2595 506 2655 αὐτῶν
521 2584 593 2654 οὐδ’
610 2594 743 2666 ἱκανούς
757 2591 845 2655 εἶναι
858 2596 937 2679 περί
949 2589 1381 2680 πραγμάτων<σπουδαίων
1394 2591 1468 2656 δια·
1490 2603 1514 2653 15

208 2691 400 2779 λέγεσθαι,>
415 2693 500 2758 ἀλλά
516 2699 575 2782 την
591 2697 693 2781 ἀρχὴν
710 2695 786 2758 ούδέ
801 2701 990 2783 σωφρονεῖν
1004 2701 1173 2782 ηγοῦνται,
1188 2700 1413 2777 μαινομένους
1428 2694 1468 2758 δέ

206 2820 302 2873 τινας
318 2800 527 2883 ἀνθρώπους
538 2800 596 2860 καί
606 2796 847 2883 ταλαιπώρους
859 2798 956 2861 εἶναι.
987 2803 1155 2862 σκώπτειν
1169 2796 1203 2860 δὲ
1214 2801 1271 2861 καί
1280 2794 1468 2879 καταγελᾶν

207 2902 293 2962 ἔνιοι
321 2902 449 2962 τούτων
472 2902 618 2979 ἑτοίμως
646 2902 760 2978 έχουσι
788 2903 845 2962 καί
871 2899 1036 2976 πολλάκις
1057 2899 1141 2986 μηδέ
1167 2908 1307 2982 σιγῶσιν
1330 2902 1467 2984 ἐπιτρέ-

171 3002 299 3077 3πειν,
330 3003 388 3080 οὐχ
417 3005 512 3076 όπως
543 2999 704 3084 λεγόντων
728 3004 922 3082 ἀνέχεσθαι.
968 3006 1020 3066 ἔτι
1049 3001 1086 3066 δέ
1116 3019 1221 3089 φασιν
1243 3005 1330 3084 ύμάς
1357 3005 1394 3065 έν
1416 3001 1522 3085 τῴίιιι

205 3107 352 3187 παρόντι
380 3106 437 3167 καί
466 3101 540 3166 λίαν
564 3101 792 3188 παρωξύνθαι
821 3108 908 3190 πρὸς
937 3108 1016 3180 τούς
1040 3103 1262 3192 φιλοσόφους.
1285 3108 1343 3168 καί
1364 3128 1466 3170 κατα·
1488 3118 1514 3170 20

205 3206 339 3290 ράσθαί
363 3225 409 3287 γε,
435 3208 472 3266 ού
496 3213 619 3283 πᾶσιν,
649 3204 734 3268 ἀλλά
757 3209 861 3282 ἐνίοις
885 3209 1010 3284 αὐτῶν,
1041 3212 1130 3271 πάνυ
1152 3211 1213 3288 μὲν
1237 3206 1389 3290 εὐλαβῶς
1409 3213 1468 3272 καί

204 3309 350 3392 μετρίως
378 3315 478 3370 τούτο
507 3316 707 3386 ποιοῦντας,
737 3312 790 3371 ότι
818 3312 861 3394 μη
893 3318 990 3395 κοινῇ
1017 3312 1101 3372 κατά
1131 3314 1269 3373 πάντων
1291 3307 1466 3397 ἐβλασφη-

204 3415 307 3490 μεῖτε,
331 3408 367 3471 εἴ
385 3432 419 3472 τι
442 3412 475 3471 οἱ
498 3409 623 3472 ἐνθάδε
645 3415 847 3497 ἡμάρτανον,
871 3415 978 3474 έκεῖνο
1002 3409 1037 3473 δὲ
1062 3411 1145 3487 ἴσως
1163 3414 1376 3494 ἀγνοοῦντας,
1401 3415 1466 3490 ότι,

205 3511 301 3597 εἴπερ
324 3513 532 3597 κατηρᾶσθε,
557 3515 595 3574 ού
618 3519 691 3588 τοῖς
715 3506 935 3599 φιλοσόφοις.
975 3515 1013 3575 ού
1035 3517 1097 3598 γάρ
1121 3516 1214 3576 ἐστιν
1238 3513 1348 3590 ούδείς
1365 3511 1466 3601 φιλό-

207 3633 315 3700 σοφος
337 3622 404 3677 τῶν
428 3612 553 3676 ἀδίκων
575 3617 632 3677 καί
654 3614 829 3700 πονηρῶν,
860 3608 934 3678 οὐδ’
965 3618 1005 3678 ἀν
1027 3614 1093 3678 τῶν
1116 3613 1325 3701 ἀνδριάντων
1348 3619 1466 3702 περιίη
1488 3627 1515 3678 25

204 3715 416 3802 γυμνότερος.
464 3719 497 3778 οί
527 3714 562 3778 δὲ
593 3714 631 3802 δὴ
660 3720 719 3803 την
743 3715 893 3802 πατρίδα
915 3715 1125 3802 βλάπτοντες
1146 3721 1203 3781 καί
1226 3722 1467 3799 συνιστάμενοι

204 3821 288 3881 κατὰ
311 3819 377 3882 τιῖν
401 3816 531 3880 πολιτιῖ
534 3840 551 3880 ν
574 3811 693 3902 πόρρω
718 3839 785 3880 που
810 3817 965 3881 δοκοῦσιν
989 3819 1077 3881 είναί
1098 3841 1159 3900 μοι
1176 3823 1296 3883 τούτου
1312 3829 1375 3883 τού
1390 3820 1465 3884 όνό-

293 4063 404 4137 1παρά
423 4063 518 4125 τὸνΤ
587 4062 622 4124 τά
640 4066 702 4121 add.
720 4065 784 4122 Wil.
855 4064 1030 4139 λένδεὴσῖί
1089 4063 1236 4127 3άλλάΒ
1306 4065 1466 4145 9ποτειῖν

204 4157 266 4215 (om.
288 4149 332 4219 ἄν)
345 4153 374 4204 Μ
447 4158 477 4207 13
496 4149 650 4210 λανθάνειν
662 4156 724 4219 (om.
737 4155 783 4221 με)
800 4151 871 4216 libri,
891 4169 961 4209 corr.
974 4155 1083 4209 Geelius
1149 4159 1180 4208 15
1204 4155 1385 4229 διαλέγεσθαι
1402 4159 1465 4215 αδδ.

205 4238 568 4304 Reiske,o7covdalvail.
623 4243 654 4292 16
668 4239 860 4312 σοφρονεῖνΤ
915 4243 944 4292 17
963 4239 993 4296 δὲ
1005 4240 1142 4294 om.Mm.
1156 4255 1198 4308 pr.
1251 4243 1421 4299 ίθλείανΜ

205 4325 234 4374 21
251 4317 322 4379 ἀλλὰ
337 4318 384 4379 οἷο
394 4317 488 4381 αὐτῶν
498 4323 567 4389 libri,
581 4339 649 4378 corr.
662 4325 770 4379 Geelius
816 4326 849 4378 22
858 4319 931 4391 μετὰ
941 4320 1059 4381 πάντων
1067 4325 1138 4392 libri,
1151 4340 1219 4381 corr.
1230 4325 1331 4381 Reiske
1375 4332 1408 4382 23
1420 4319 1465 4386 ὅτι

205 4404 233 4461 οἳ
245 4407 270 4462 U
284 4397 335 4464 διε
348 4406 408 4463 οίΤ
421 4414 480 4475 (pro
493 4407 545 4464 τῖ’τι
559 4406 596 4473 οἱ)
649 4401 827 4479 ἀγνοούντεο
837 4410 886 4465 UT
939 4414 972 4464 24
983 4413 1165 4482 κατηρᾶσθαι
1176 4419 1242 4468 τοῖο
1254 4415 1315 4477 (om.
1328 4407 1372 4477 ού)
1384 4414 1415 4468 Μ

206 4486 267 4545 ἐστι
286 4491 309 4543 Τ
387 4496 429 4545 '25
449 4486 513 4549 οὐδὲ
531 4497 593 4559 (om.
613 4487 657 4560 ἀν)
675 4494 750 4548 UBT
824 4514 879 4566 περ
897 4497 915 4566 η’
933 4495 963 4548 Μ
981 4491 1073 4566 ἀνπερ
1091 4487 1109 4568 ᾖ
1126 4494 1208 4563 UBT,
1230 4510 1301 4552 corr.
1320 4495 1466 4566 Emperiun
