3068 5160
179 346 241 406 282
557 346 681 402 DIONIS
699 346 750 400 AD
769 346 1057 403 ALEXANDRINOS

127 527 165 587 51
178 525 272 599 θεός,
296 521 402 602 οἶμαι,
424 524 482 584 καί
504 526 602 606 φέρει
624 520 745 605 πρᾴως
766 525 825 608 τήν
847 529 914 584 τῶν
931 519 1066 585 πολλῶν
1082 525 1212 585 ἀνοιαν.
1259 531 1448 607 τοιγαροῦν

179 629 225 700 ὡς
241 626 361 687 παισίν
382 626 460 704 ὑμῖν
483 621 721 705 παιδαγωγοὺς
745 620 868 686 δέδωκε
889 626 969 698 τούς
992 629 1271 710 φρονιμωτέρους
1293 633 1361 711 τῆς
1386 629 1447 687 πό-

179 726 277 805 λεως,
306 717 389 808 μεθ’
423 724 468 787 ὧν
496 728 554 789 καί
581 727 746 808 θεωρεῖτε
767 727 824 787 καί
845 723 951 787 τάλλα
974 728 1112 806 ἄμεινον
1135 729 1318 811 πράττετε.
1371 729 1448 791 έπεί

177 837 253 904 πῶς
275 831 315 891 ἀν
338 829 526 908 ἀπείχεσθε
549 825 719 913 ἀλλήλων;
739 829 852 890 καίτοι
875 829 997 902 ποίους
1011 829 1108 904 τινάς
1122 830 1163 891 ἀν
1177 831 1278 909 ὑμεῖς
1292 831 1447 914 ήγοῖσθε

178 932 401 1016 ἀνθρώπους,
436 930 488 1005 οίς
521 927 699 1012 ἐλευθερία
732 932 777 1015 μή
809 934 992 1014 συμφέρει,·
1120 933 1157 1016 νή
1187 933 1278 1008 Δία,
1309 935 1354 993 τὸ
1386 934 1475 1018 γδρι

178 1036 316 1118 πρᾶγμά
338 1035 413 1095 ἐστι
436 1035 539 1118 φύσει
556 1040 720 1094 τοιοῦτον.
766 1032 804 1092 οὐ
818 1032 881 1114 γάρ
895 1035 953 1095 καί
967 1034 1002 1094 έν
1017 1029 1138 1108 ἄλλαις
1153 1031 1300 1096 πόλεσιν
1317 1025 1448 1118 ᾄδουσι

176 1137 233 1198 καί
260 1138 298 1221 νή
322 1138 391 1198 Δία
422 1132 563 1196 αὐλοῦσι
590 1136 647 1196 καί
674 1138 830 1218 τρέχουσι
857 1136 914 1196 καί
943 1126 1055 1197 πάνθ’
1087 1138 1150 1198 όσα
1179 1137 1337 1218 γίγνεται
1370 1131 1447 1220 [καί]

177 1229 263 1322 παρ’
289 1240 367 1317 ὐμῖν
389 1239 445 1300 καί
467 1226 552 1322 παρ’
585 1241 714 1320 ἑτέροις
744 1237 854 1311 τισίν;
883 1228 958 1297 ἀλλ’
989 1233 1141 1317 οὐδαμοῦ
1165 1246 1329 1314 τοιοῦτος
1362 1241 1447 1326 όρως

127 1341 167 1404 52
177 1341 251 1403 ἐστὶ
265 1347 328 1401 τοῦ
341 1343 539 1424 πράγματος
555 1336 631 1401 οὐδὲ
648 1337 793 1421 οἶστρος.
837 1331 923 1420 [ἴστε
934 1329 1080 1414 Ῥοδίους
1095 1341 1191 1421 έγγύς
1214 1341 1328 1416 οὐτως
1352 1344 1446 1423 ὐμῶν

177 1438 304 1518 ζῶντας
326 1443 362 1503 ἰν
384 1438 564 1523 ἐλευθερίη
586 1443 642 1503 καί
663 1441 747 1520 μετά
772 1442 886 1524 πάσης
908 1437 1041 1515 ἀδείας·
1070 1439 1156 1503 ἀλλά
1182 1434 1270 1526 παρ’
1298 1446 1446 1519 έκείνοις
1465 1456 1485 1506 lt

178 1539 316 1605 οὐδὲτὸ
341 1539 480 1625 δραμεῖν
503 1546 538 1605 έν
560 1551 602 1628 τῇ
625 1539 726 1604 πόλει
750 1538 846 1604 δοκεῖ
862 1547 1015 1626 μέτριον,
1046 1541 1131 1605 ἀλλά
1157 1546 1214 1607 καί
1241 1552 1314 1608 τῶν
1341 1545 1446 1624 ξένων

176 1641 427 1729 ἐπιπλήττουσι
448 1650 521 1718 τοῖς
543 1646 615 1729 εἰκῇ
638 1639 824 1725 βαδίζουσι.
869 1652 1047 1729 τοιγαροῦν
1065 1647 1203 1720 εἰκότως
1219 1645 1446 1730 εὐδοκιμοῦσι

174 1747 231 1809 καί
253 1748 368 1830 πάσης
390 1756 489 1832 τιμῆς
511 1750 739 1828 τυγχάνουσιν.
785 1743 981 1826 αἰδούμενοι
1002 1748 1064 1831 γάρ
1088 1751 1208 1823 αὐτσύς
1225 1757 1371 1834 πρῶτοι
1392 1755 1446 1815 καὶ

174 1846 278 1934 μηδὲν
302 1851 444 1934 ἀνόητον
467 1857 646 1922 ποιοῦντες
668 1849 807 1923 εἰκότως
834 1849 931 1929 οἶμαι
958 1853 1053 1934 παρά
1081 1871 1118 1913 τε
1145 1858 1213 1914 τῶν
1240 1849 1362 1915 ἀλλων
1392 1857 1445 1917 καί

174 1958 241 2014 τῶν
263 1956 454 2037 ήγσυμένων
478 1948 596 2025 αἰδοῦς
611 1946 856 2034 τυγχάνουσιν]
881 1954 958 2014 έπεί
972 1954 1028 2014 καί
1042 1959 1109 2014 τῶν
1125 1949 1236 2015 ἀλλων
1252 1957 1445 2040 εὑρήσομεν
1464 1965 1483 2016 15

175 2055 217 2116 τά
241 2052 386 2118 πλεῖστα
408 2055 514 2116 ταύτά
538 2057 751 2138 πράττοντας
773 2059 847 2128 τοῖς
869 2056 1027 2139 ἀνοήτοις
1048 2057 1128 2129 τούς
1149 2057 1349 2140 σώφρονας,
1376 2059 1447 2121 οίον

126 2157 375 2233 53ἑσθίοντας,
412 2151 628 2236 βαδίζοντας,
666 2151 867 2233 παίζοντας,
903 2157 1138 2240 θεωροῦντας·
1174 2161 1193 2242 ή
1232 2158 1299 2242 γὰρ
1341 2163 1447 2244 φάσις

176 2253 353 2339 ἀναγκάζει
375 2254 512 2319 πολλῶν
535 2260 662 2337 ὁμοίων
685 2256 841 2320 δεῖσθαι·
866 2255 1070 2344 διαφέρουσι
1091 2263 1208 2338 μέντοι
1229 2263 1316 2345 περί
1338 2270 1446 2324 ταῦτα

177 2363 305 2420 πάντα·
345 2360 462 2420 αὐτίκα
499 2361 699 2438 ἑστιώμενοι
737 2367 872 2443 πρῶτον
907 2362 941 2421 ot
972 2362 1033 2440 μὲν
1067 2361 1142 2423 οὐτε
1176 2362 1329 2440 ἀμαθῶς
1370 2365 1448 2427 οὐτε

176 2463 343 2544 ἀπρεπῶς
372 2457 564 2542 διάγουσιν,
594 2451 670 2520 ἀλλ’
704 2462 916 2545 εὐσχημόνως
945 2464 1014 2542 άμα
1039 2465 1097 2525 καί
1124 2471 1327 2548 προσηνῶς,
1364 2468 1486 2530 εὐω-ῦ]

173 2566 260 2644 χίας,
285 2564 323 2624 οὐ
346 2562 545 2647 παροινίας,
569 2564 743 2646 ἄρχοντες,
768 2560 1078 2648 φιλοφρονούμενοι
1100 2567 1179 2639 τούς
1202 2569 1381 2646 συνόντας,
1408 2570 1445 2631 οὐ

175 2667 428 2750 θρασυνόμενοι
450 2666 537 2748 πρός
564 2664 701 2737 αὐτούς·
731 2665 765 2724 οἱ
794 2660 829 2726 δὲ
858 2667 998 2750 ἀπηνῶς
1026 2669 1083 2730 καί
1110 2664 1325 2747 ἀκολάστως,
1352 2672 1444 2750 μετά

175 2770 259 2854 βοῆς
280 2770 337 2831 καί
358 2765 499 2844 ἀταξίας
523 2761 733 2850 ὀργιζόμενοι
753 2769 810 2830 καί
830 2764 1006 2849 γελῶντες,
1037 2767 1315 2846 πλεονεκτοῦντες
1334 2767 1438 2856 ἀλλή-

177 2868 272 2948 λους,
302 2872 340 2932 οὐ
364 2865 652 2954 παρακαλοῦντες,
681 2866 900 2945 τελευτῶντες
923 2873 1049 2934 ἀπίασι
1070 2875 1170 2934 κακόν
1193 2893 1228 2934 τι
1250 2876 1326 2947 τοῖς
1354 2889 1490 2953 cvra-(371

177 2975 302 3045 πόταις
326 2969 440 3045 δόντες
461 2972 480 3054 ή
505 2959 592 3055 παρ>
618 2971 752 3033 ἐκείνων
770 2969 944 3052 λαβόντες·
969 2975 1044 3036 οἵαν
1068 2975 1152 3035 ποτὲ
1167 2974 1335 3054 γενέσθαι
1351 2976 1443 3060 φασί
1463 2987 1486 3038 s

126 3075 166 3135 54
176 3075 378 3152 Κενταύρων
403 3074 592 3136 συνουσίαν.
635 3075 692 3136 καί
712 3075 748 3136 τί
770 3072 827 3136 δεῖ
843 3072 948 3136 τάλλα
970 3073 1144 3152 ἐπεξιέναι
1164 3067 1251 3137 καθ’
1276 3078 1443 3152 έκαστον;

174 3172 259 3236 ἀλλὰ
282 3178 321 3236 τό
344 3170 510 3255 βαδίζειν,
540 3175 692 3237 όκοινόν
715 3178 789 3238 ἑστι
815 3179 872 3239 καί
901 3175 1031 3240 ἁπλοῦν
1060 3175 1251 3264 δήπουθεν,
1284 3187 1350 3240 τοῦ
1380 3181 1443 3260 μὲν

175 3278 335 3362 ἐμφαίνει
358 3280 417 3362 τήν
440 3279 579 3362 ήσυχίαν
602 3285 664 3339 τοῦ
684 3281 813 3361 τρόπου
835 3281 891 3341 καί
913 3282 951 3341 τό
975 3285 1155 3364 προσέχειν
1178 3277 1299 3361 ἐαυτῷ,
1323 3289 1391 3343 τοῦ
1406 3279 1441 3344 δὲ

174 3380 320 3464 ταραχήν
342 3375 432 3459 <καί>
454 3377 643 3442 ἀναίδειαν·
669 3377 802 3464 σπουδῇ
824 3384 995 3464 πρόσεισι,
1020 3384 1208 3467 φθέγγεται
1222 3377 1376 3462 βαδίζων
1394 3378 1440 3470 [ἢ]

174 3484 290 3544 πεσών
317 3503 392 3544 τινα
422 3482 523 3560 ἔωσε,
556 3485 700 3561 μάχεται
729 3484 816 3566 πρός
844 3471 971 3566 ἕτερον.
1024 3485 1151 3563 δμοίως
1177 3485 1235 3546 καί
1263 3487 1347 3569 περί
1377 3487 1484 3561 sdes]

258 3744 438 3822 4ὐπέχεσθε
455 3748 486 3802 Μ
554 3744 672 3821 ἡγεῖσθε
689 3748 736 3803 ΒΤ
813 3748 975 3822 ῦσνμφέρη
993 3750 1016 3803 Β
1034 3749 1214 3821 συμφέρηιῐί
1292 3753 1437 3808 θοιείἰῐαε

172 3838 201 3892 τί
219 3834 262 3905 δὲ,·
280 3827 314 3892 οὐ
331 3838 380 3891 καὶ
397 3839 460 3901 (om.
479 3832 546 3905 γὰρ)
649 3840 662 3887 7
681 3837 791 3906 γίνεται
809 3837 832 3889 Β
935 3837 984 3890 καί
1002 3835 1109 3901 seclusi,
1127 3836 1255 3907 γίγνεται
1272 3841 1339 3904 post
1357 3841 1438 3896 τισίν

171 3924 321 3988 transpone
424 3925 439 3974 9
464 3915 525 3976 ίστε
549 3920 718 3984 Ροδίους-
737 3915 925 3991 τυγχάνουσιν
947 3920 1144 3974 sententiarum
1166 3934 1298 3974 conexum
1324 3927 1436 3990 pertur-

171 4005 246 4060 bant.
264 4004 453 4072 interpolatori
477 4005 559 4072 igitur
581 4003 724 4059 tribuenda
745 4007 824 4072 sunt,
849 4005 895 4073 qui
917 4005 1007 4059 locum
1029 4004 1198 4060 notissimum
1222 4020 1262 4060 or.
1282 4008 1314 4062 31
1341 4014 1437 4066 mente

171 4091 289 4147 tenebat.
307 4090 378 4145 intra
395 4095 458 4160 post
475 4087 577 4165 ἕτερον
593 4091 611 4144 1.
630 4095 661 4144 31
681 4089 771 4158 aptius
788 4090 857 4144 haec
878 4089 1039 4144 inseruisset
1142 4093 1173 4143 13
1191 4093 1311 4161 πρῶτον
1330 4092 1354 4146 Τ

173 4180 205 4230 14
222 4171 302 4244 παρά
319 4196 352 4248 γε
369 4176 446 4241 libri,
465 4191 534 4230 corr.
553 4175 654 4231 Reiske
725 4179 755 4230 18
772 4174 825 4244 μέν
842 4174 910 4229 τιΤ
983 4179 1013 4229 19
1031 4167 1157 4243 ἀμαθῶν
1175 4170 1233 4231 οίδε
1251 4175 1300 4232 BU
1318 4178 1360 4244 (in
1377 4179 1435 4236 hoc

171 4258 230 4317 οὐδε
248 4261 374 4328 deletum)
462 4264 495 4313 24
511 4264 759 4334 παρακσιλούντεσ
776 4261 806 4313 Μ
823 4260 905 4315 scrib.
924 4253 1063 4330 ἀλλήλους
1085 4264 1134 4316 καί
1151 4264 1361 4333 παροινοῦντες

170 4345 355 4400 scribendum:
377 4349 564 4413 τελευτῶντες
581 4347 640 4417 (δὲ)
726 4341 916 4414 συμπότεσΠ
1002 4350 1033 4399 27
1053 4339 1087 4401 οὐ
1104 4359 1154 4414 pro
1174 4338 1190 4400 δ
1208 4345 1258 4400 UT
1335 4351 1368 4404 28
1389 4353 1435 4426 τῷ

169 4443 219 4497 pro
242 4424 276 4486 τὸ
302 4430 324 4484 Τ
428 4436 460 4486 29
478 4436 527 4489 καὶ
550 4432 612 4487 add.
631 4431 695 4486 Wil.
798 4426 944 4501 iiseclusi,
968 4426 1103 4499 ἐμπεσὼν
1126 4431 1191 4486 wil.
1217 4430 1357 4488 Schwartz

170 4517 202 4567 30
221 4507 312 4571 ἔσωσε
330 4515 404 4571 UBT
