3068 5160
219 332 271 388 XX
708 330 998 388 PROLEGOMENA.

222 508 273 572 Ita
302 506 386 571 or.I
415 509 485 588 3,3
514 507 587 587 post
614 509 785 590 νεωτέρων
818 501 910 568 addit
942 507 998 567 καὶ
1030 502 1169 590 φαύλων
1197 514 1367 591 τεχνητῶν
1403 507 1492 586 (siai)

223 612 274 691 22,
298 610 317 671 2
345 611 418 690 post
447 612 650 692 προσειπεῖν
680 603 771 669 addit
799 602 844 691 μὴ
876 603 1083 688 ψευδόμενοι
1111 609 1144 670 et
1171 624 1256 689 quae
1283 606 1386 690 plura
1417 616 1493 674 sunt

223 707 366 776 eiusdem
379 706 515 773 farinae.
539 703 763 790 Compluribus
777 707 858 770 loeis
872 704 929 769 ubi
944 724 1053 772 omnes
1068 706 1144 772 libri
1155 713 1305 792 eorrupta
1317 709 1491 792 exhibent,

222 811 250 877 E
273 810 387 877 eadem
408 809 474 874 iam
496 807 621 872 invenit
643 827 728 891 quae
744 813 872 873 nostrae
888 807 1006 872 aetatis
1023 808 1086 873 viri
1101 807 1188 874 doeti
1203 811 1492 893 exoogitaverunt.

222 915 274 979 Ita
296 917 346 995 30,
363 916 382 975 2
405 916 481 976 ante
496 907 681 975 Jaoobsium
705 914 738 974 et
752 909 939 992 Emperium
954 910 1083 994 scripsit
1099 909 1267 993 ἀτιμάζοι,
1290 918 1345 996 41,
1362 917 1386 980 6
1404 915 1493 999 quod

222 1017 292 1100 ipse
321 1015 521 1080 oonieoeram
549 1014 702 1075 ἔπεσθαι
730 1029 788 1095 pro
816 1014 981 1096 γενέσθαι
1009 1017 1123 1095 postea
1150 1013 1217 1078 iam
1245 1014 1280 1078 in
1301 1013 1331 1078 E
1355 1022 1493 1083 exstare

222 1119 300 1184 vidi.
334 1117 403 1182 Has
424 1114 525 1197 igitur
546 1112 747 1179 oonieoturas
769 1133 840 1179 esse
861 1112 987 1178 librarii
1009 1114 1037 1178 a
1059 1134 1165 1198 neque
1182 1116 1282 1181 ullam
1297 1116 1492 1186 traditionis

222 1221 446 1288 auctoritatem
473 1216 514 1281 iis
541 1212 745 1280 tribuendam
774 1234 843 1281 esse
873 1216 1086 1282 uertissimum
1109 1215 1201 1282 duoo.
1244 1217 1388 1284 Multum
1412 1240 1491 1288 sane

223 1323 370 1389 dubitavi
392 1321 433 1386 de
453 1320 525 1384 looo
548 1337 592 1382 or.
614 1317 631 1381 I
654 1320 704 1399 59,
722 1321 751 1399 5,
778 1336 873 1401 quem
895 1318 942 1383 sio
964 1317 1096 1384 exhibet
1117 1318 1161 1383 E:
1189 1319 1388 1402 βασιλεύειν
1413 1324 1491 1390 τότε

225 1420 275 1508 [ὃς
297 1423 337 1509 ἦν
360 1427 470 1509 έπηρα
495 1466 724 1485 ........
748 1418 888 1501 βασιλεῖ
904 1419 1181 1502 καταλελειμένος
1196 1415 1252 1508 ὑφ’
1267 1415 1489 1509 Ἡρακλέους.

224 1530 331 1602 οὕτως
355 1524 390 1589 δὲ
413 1530 502 1588 πάνυ
527 1527 596 1609 εἰκῇ
621 1528 847 1603 πεπεισμένοι
864 1526 932 1587 εἰσὶ
946 1528 1026 1611 περὶ
1041 1527 1169 1588 τούτων
1184 1527 1240 1588 καὶ
1255 1526 1490 1610 προστάττειν

225 1631 311 1715 φασὶ
339 1631 397 1690 τὸν
427 1620 633 1711 ΕὐρυσθέαῙ,
664 1627 701 1701 ὃς
730 1627 769 1712 ἦν
800 1623 937 1688 πάντων
969 1625 1252 1712 φιλοπονώτατος
1280 1630 1344 1691 eto.
1397 1626 1490 1706 Quae

223 1729 350 1795 unainis
376 1727 493 1792 inolusi
515 1727 550 1791 in
572 1727 661 1792 nullo
684 1726 749 1791 alio
771 1725 853 1792 libro
875 1727 1036 1808 leguntur.
1081 1726 1171 1792 Haeo
1193 1725 1235 1792 ab
1257 1727 1330 1811 ipso
1353 1728 1490 1798 librario

223 1832 250 1896 Ε
273 1851 337 1896 non
358 1834 492 1915 possunt
513 1829 708 1913 interpolata
730 1847 810 1910 esse,
834 1828 911 1911 quia
933 1834 1083 1914 eorrupta
1097 1829 1249 1912 leguntur
1264 1834 1296 1895 et
1309 1830 1488 1916 laounosa3

224 1933 428 2000 seribendum
451 1937 517 1997 est:
540 1935 577 2009 ὃς
595 1931 634 2019 ἦν
650 1929 891 2018 ἑπ<ίτ>ρ<οπος
906 1930 984 2020 apg>
998 1930 1209 2016 βασιλεί<ας>
1223 1932 1487 2019 καταλελειμμέ-

224 2058 281 2113 νος
310 2030 366 2123 ὑφ’
394 2029 615 2121 Ἡρακλέους·
646 2037 753 2109 οὕτως
783 2032 818 2096 δὲ
850 2037 939 2095 πάνυ
969 2036 1041 2118 εἰκῇ
1064 2041 1290 2116 πεπεισμένοι
1312 2038 1385 2102 εἰσὶ
1407 2043 1489 2124 περὶ

224 2143 352 2201 τούτων
373 2134 498 2221 (ὥστε)
519 2141 575 2201 καὶ
591 2135 816 2223 προστάσσειν
841 2139 927 2222 φασὶ
949 2140 1006 2199 τὸν
1022 2139 1202 2221 Εὐρυσθέα
1219 2133 1332 2222 (αὐτῷ
1350 2149 1486 2206 πονεῖν·

225 2245 243 2303 ὀ
273 2239 308 2302 δὲ
339 2237 457 2321 αὐτ>ὁς
485 2237 524 2323 ἦν
548 2238 686 2302 πάντων
710 2237 1002 2324 φιλοπονώτατος,
1056 2237 1093 2302 Si
1114 2236 1176 2303 hae
1198 2236 1266 2302 fere
1287 2241 1420 2309 ratione
1443 2245 1488 2310 la·

224 2359 327 2405 eunae
356 2339 563 2423 expleantur,
593 2338 695 2405 verba
721 2336 780 2402 illa
809 2339 948 2404 oonexui
977 2339 1109 2422 egregie
1137 2340 1385 2410 aooommodata
1417 2365 1487 2413 esse

224 2461 317 2507 nemo
340 2441 518 2522 negaverit.
554 2440 602 2504 Ao
623 2441 761 2524 primum
784 2438 914 2522 quidem
937 2458 1008 2505 oum
1031 2441 1112 2506 haee
1133 2442 1329 2509 invenissem
1344 2446 1487 2515 Dionem

223 2545 271 2609 ita
292 2543 459 2627 scripsisse
480 2541 652 2625 putabam
675 2560 747 2606 eum
769 2560 845 2606 vero
867 2542 903 2606 in
923 2543 1038 2606 ueteris
1053 2542 1250 2608 orationibus
1265 2565 1349 2628 quas
1365 2552 1488 2616 eontuli

224 2645 292 2722 (IV.
314 2645 387 2710 VII.
410 2643 537 2708 XXXI.
560 2642 764 2726 XXXVIII),
788 2643 870 2706 nihil
891 2643 968 2707 boni
991 2644 1245 2710 Laurentianum
1267 2647 1295 2712 E
1316 2652 1486 2735 proprium

223 2747 345 2814 babere
366 2746 609 2829 intellexissem,
632 2746 714 2810 haee
736 2765 864 2830 quoque
887 2748 1034 2830 quamvis
1055 2748 1176 2814 invitus
1198 2749 1395 2835 interpolata
1415 2776 1488 2824 esse

224 2849 356 2916 eredidi.
390 2850 443 2913 An
465 2847 666 2914 oensebimus
690 2847 732 2912 ad
754 2848 856 2912 solam
879 2855 959 2913 orat.
974 2850 1027 2914 Ia
1049 2849 1182 2915 librario
1197 2857 1360 2918 vetustum
1374 2859 1486 2924 neseio

224 2971 319 3034 quem
346 2950 464 3016 librum
492 2949 672 3015 adhibitum
700 2968 786 3033 esse,
815 2949 901 3015 unde
929 2957 962 3016 et
990 2951 1075 3016 huno
1100 2953 1206 3018 looum
1228 2959 1261 3019 et
1281 2959 1409 3023 eeteros
1433 2959 1487 3025 ubi

222 3051 309 3117 bona
331 3052 418 3118 solus
439 3050 538 3116 habet
560 3049 806 3116 emendaverit?
828 3052 943 3134 Itaque
965 3072 1016 3118 me
1037 3053 1146 3121 iudlee
1160 3056 1257 3120 Laur.
1273 3055 1300 3120 E
1315 3056 1361 3122 ad
1375 3077 1486 3126 reoen·

223 3151 358 3218 sendum
380 3152 518 3217 Dionem
540 3151 661 3216 nullius
683 3158 732 3217 est
754 3154 965 3220 auctoritatis.

308 3254 378 3318 Iam
393 3259 591 3318 revertamur
602 3252 645 3318 ad
657 3252 847 3319 Urbinatem
859 3254 890 3320 U
902 3260 934 3320 et
945 3255 988 3320 ad
1001 3256 1183 3322 Parisinum
1193 3257 1230 3324 B.
1263 3257 1374 3342 Atque
1389 3259 1485 3328 Urbi·

223 3361 330 3420 natem
346 3354 476 3440 quidem
489 3361 521 3421 et
533 3357 611 3440 quia
622 3355 793 3440 plerosque
805 3357 920 3423 Dionis
931 3358 1030 3424 libros
1042 3365 1149 3424 aetate
1160 3365 1291 3444 superat
1303 3367 1336 3425 et
1347 3362 1431 3446 quia
1441 3369 1486 3428 tot

222 3457 375 3523 librorum
389 3477 450 3524 neo
464 3477 529 3522 non
543 3458 645 3542 ipsius
660 3457 815 3540 vulgatae
830 3458 975 3525 Venetae
989 3477 1106 3543 parens
1122 3467 1180 3542 est,
1202 3463 1249 3527 ita
1263 3461 1325 3528 hao
1340 3462 1486 3531 editione

223 3559 467 3643 exprimendum
478 3559 590 3625 ouravi
600 3564 636 3623 ut
648 3560 746 3624 etiam
756 3560 937 3627 levissimas
949 3562 1097 3628 leotionis
1109 3565 1283 3629 varietates
1294 3570 1444 3632 notarem
1456 3572 1486 3632 et

223 3682 264 3726 ex
279 3662 408 3728 silentio
423 3682 494 3727 meo
510 3660 659 3727 oonoludi
673 3661 799 3744 vellem,
816 3661 895 3744 quid
911 3683 1038 3747 quoque
1050 3665 1120 3730 loeo
1131 3665 1165 3729 in
1176 3665 1334 3732 Urbinate
1345 3666 1485 3749 legatur.

223 3762 312 3828 Idem
321 3764 349 3828 si
360 3765 394 3828 in
404 3764 550 3830 Parisino
559 3763 585 3828 B
595 3762 703 3829 faeere
712 3765 892 3848 voluissem,
907 3766 1015 3830 inutili
1026 3767 1188 3832 variarum
1199 3768 1374 3833 lectionum
1389 3771 1485 3854 eopia

223 3865 465 3932 adnotationem
481 3866 710 3930 oneravissem.
749 3865 839 3931 Nihil
855 3868 940 3932 enim
956 3867 999 3932 ad
1014 3889 1072 3934 nos
1088 3869 1228 3935 ParIsini
1242 3870 1333 3952 vitia,
1350 3872 1485 3954 quaein

222 3967 382 4031 eommuni
394 3965 582 4032 oodioumU
599 3973 630 4031 et
645 3967 671 4031 B
687 3967 862 4052 archetypo
879 3989 943 4033 non
958 3971 1121 4036 exstitisse
1137 3978 1314 4036 oeterorum
1329 3970 1484 4038 librorum

222 4087 379 4134 oonsensn
391 4068 546 4149 arguitur.
569 4068 671 4132 lmmo
683 4068 767 4134 hano
778 4089 848 4135 esse
864 4071 1043 4136 ParisiniB
1058 4073 1231 4137 utilitatem
1247 4071 1381 4156 eredidi,
1399 4074 1484 4158 quod

222 4170 324 4235 multa
345 4168 467 4236 eodiois
482 4169 513 4234 U
528 4171 617 4254 vitia,
642 4191 727 4254 quae
749 4191 770 4236 a
792 4172 818 4235 B
841 4173 968 4255 absunt,
991 4175 1057 4239 iam
1072 4175 1202 4256 neglegi
1217 4180 1361 4260 possunt.
1389 4176 1430 4240 In
1445 4177 1484 4244 iis

223 4272 365 4336 maxime
387 4272 594 4354 orationibus,
611 4293 695 4357 quae
709 4280 839 4358 praeter
853 4274 974 4340 VMUB
990 4277 1087 4342 etiam
1102 4275 1213 4341 oodioe
1228 4277 1253 4341 P
1270 4277 1483 4357 eontinentur,

175 4402 179 4409 >
223 4370 264 4437 de
286 4392 349 4455 quo
372 4373 480 4438 statim
495 4374 590 4458 plura
606 4371 736 4457 doeebo,
760 4376 838 4442 satis
854 4383 923 4441 erat
938 4377 979 4444 iis
994 4378 1074 4443 louis
1089 4379 1259 4444 leotionem
1273 4377 1300 4442 B
1316 4378 1483 4460 adnotare,

221 4471 277 4537 ubi
300 4474 399 4538 ueteri
421 4474 496 4539 libri
519 4473 663 4558 quolibet
684 4477 778 4542 modo
801 4477 1032 4564 disoreparent.
1070 4479 1178 4546 UbiP
1201 4480 1317 4562 defioit,
1342 4481 1484 4547 Parisini
