3068 5160
574 323 711 381 ORATIO
731 325 832 380 XXXI.
1280 325 1341 383 249

85 499 199 585 βουλή.
245 509 301 562 νῦν
325 498 360 562 δὲ
386 502 538 562 οὐκέστι
560 501 601 561 τά
625 505 767 582 μέγιστα
796 507 863 561 τῶν
892 502 1068 584 πρότερον.
1114 500 1175 574 τὰς
1206 501 1268 584 γάρ
1292 502 1342 574 εἰς
1427 526 1436 541 ·

84 605 142 664 τάν
166 598 316 681 πόλεμον
340 599 495 677 δαπάνας
519 599 636 681 σχεδόν
659 623 693 664 τι
717 609 861 682 συνεχῶς
887 602 996 662 αὐτῶν
1025 598 1264 681 πολεμούντων
1286 603 1343 664 καὶ

87 707 249 781 σπάνιον,
274 702 309 766 εἴ
327 723 429 782 ποτε,
459 705 743 784 ἀναπαυομένων,
771 705 829 766 ούκ
850 705 901 765 ἔνι
925 699 1126 784 συμβάλλειν
1150 702 1247 784 οἶμαι
1268 708 1342 778 τοῖς

10 807 66 871 [03
82 809 118 868 ἐν
141 807 253 890 εἰρήνῃ
276 811 485 888 γιγνομένοις
508 803 736 887 ἀναλώμασιν.
783 808 820 867 ού
842 807 905 890 χάρ
935 808 1053 884 όμοιον
1075 807 1192 866 ἑκατόν
1214 813 1297 867 νεῶν
1319 807 1339 890 η

85 910 141 969 καί
164 904 331 970 πλειόνων
355 905 474 969 στόλον
497 905 703 970 ἀποστεῖλαι
723 909 780 970 καί
809 904 914 968 πάλιν
944 903 1171 990 ἐβδομήκοντα
1194 909 1250 968 καί
1271 929 1341 992 τρι·
1362 915 1483 973 ὄιοιυιω

87 1013 209 1071 άκοντα
232 1013 365 1095 ἑτέρων,
387 1011 444 1072 καί
465 1018 584 1071 τοῦτον
607 1002 689 1072 ἔσθ’
715 1013 770 1071 ότε
792 1012 836 1094 μή
859 1005 1037 1070 καταλύειν
1058 1015 1161 1092 τριῶν
1182 1011 1202 1094 ή
1226 1013 1340 1072 τεττά-

86 1133 153 1196 ριον
183 1113 284 1173 ἑτῶν·
315 1109 391 1173 οὐδὲ
424 1119 568 1191 συνεχῶς
596 1115 749 1196 τριήρεσι
778 1108 892 1188 πλεῖν,
921 1112 958 1171 ού
987 1115 1085 1194 μέχρι
1114 1112 1256 1194 Κύπρου
1285 1113 1342 1173 καὶ

86 1211 254 1290 Κιλικίας,
278 1205 353 1274 ἀλλ’
380 1216 434 1274 ότέ
457 1216 518 1292 μέν
542 1216 591 1289 εἰς
613 1213 803 1295 Αἴγυπτον,
829 1215 883 1274 ότὲ
908 1210 943 1274 δὲ
967 1214 1016 1286 είς
1038 1215 1096 1274 τόν
1110 1210 1278 1291 Εὔξεινον,
1302 1217 1340 1276 τό

87 1313 122 1377 δὲ
146 1312 337 1377 τελευταῖον
361 1318 395 1377 ἐν
420 1313 509 1397 αύτῷ
532 1315 581 1397 τῷ
600 1307 759 1397 Ὠκεανῷ·
791 1312 867 1376 οὐδὲ
891 1312 1005 1391 ξένους
1029 1317 1239 1400 στρατιώτας
1267 1321 1340 1399 τρέ-

88 1439 165 1502 ηειν
188 1418 237 1487 τά,
254 1420 400 1502 φρούρια
423 1419 479 1480 καὶ
500 1421 560 1503 τήν
580 1419 693 1502 χώραν
718 1414 966 1502 φυλάττοντας·
988 1417 1079 1480 καὶδ
1092 1424 1149 1478 νύν
1164 1409 1223 1502 ἐφ’
1249 1422 1341 1499 ήμῶν
1366 1426 1393 1476 10

88 1517 172 1582 ἰδεῖν
195 1521 285 1596 ἔστι,
313 1517 376 1599 μιρῖ
398 1507 484 1580 καθ’
516 1522 656 1581 ἕκαστον
679 1520 832 1580 ἐνιαυτόν
860 1520 880 1603 ή
905 1516 999 1580 δυσὶν
1022 1519 1211 1604 ἀφράκτοις
1233 1520 1341 1582 ἀπαν-

10 1626 68 1685 104
84 1621 145 1683 τᾶν
168 1624 217 1696 είς
240 1622 424 1705 Κόρινθον.
554 1622 611 1683 καί
640 1617 724 1702 λέγω
753 1628 858 1682 ταῦτα
889 1621 947 1682 οὐκ
976 1617 1148 1697 ὀνειδίζων
1175 1617 1251 1682 οὐδὲ
1274 1628 1341 1683 τῶν

86 1727 262 1808 προγόνων
290 1721 378 1802 ύμᾶς
404 1724 560 1807 χείρονας
589 1729 717 1784 ποιῶν·
748 1723 785 1783 ού
808 1723 870 1806 γάρ
901 1725 954 1784 ότι
982 1725 1026 1808 μή
1058 1721 1208 1786 δύνασθε
1236 1725 1340 1786 ταύτά

86 1830 248 1910 πράττειν
270 1827 428 1902 ἐκείνοις,
452 1816 527 1885 ἀλλ’
553 1827 607 1886 ότι
628 1827 746 1908 καιρός
769 1824 827 1885 οὐκ
849 1826 924 1885 ἔστι
945 1831 1013 1886 τῶν
1035 1827 1214 1903 τοιούτων,
1238 1828 1272 1887 ἐν
1295 1828 1341 1888 εἰ·

86 1931 166 2013 ρήνη
191 1926 332 2010 διάγετε.
372 1924 472 2012 δήλον
494 1927 556 2009 χάρ
580 1928 627 2000 ὡς
648 1927 797 1987 κάκεῖνοι
812 1921 941 2004 μᾶλλον
964 1923 1143 2006 ἐβούλοντο
1165 1929 1209 2012 μή
1233 1925 1343 1989 κινδυ-
1365 1934 1393 1983 15

86 2035 208 2107 νεύειν,
237 2033 294 2093 καί
323 2026 379 2091 διά
407 2036 507 2090 τοῦτο
530 2030 691 2105 ἐπόνουν,
721 2029 775 2088 ἵνα
797 2035 949 2112 καταστῇ
977 2047 1062 2089 ποτε
1084 2030 1126 2089 τά
1149 2031 1342 2112 πράγματα,

89 2131 176 2218 πλήν
199 2135 252 2194 ότι
277 2151 313 2213 χε
338 2132 395 2191 ούκ
418 2129 576 2209 ἴσαύμῐν
599 2127 787 2214 ἀνήλισκον.
833 2130 887 2190 ίνα
910 2131 972 2214 γάρ
995 2127 1100 2191 τᾶλλα
1124 2132 1197 2215 ἀρῇ
1218 2152 1280 2208 τις,
1303 2133 1342 2192 τό

24 2296 27 2303 ,
88 2242 154 2295 τῶν
167 2234 325 2317 νεωρίων,
340 2234 379 2293 τὸ
395 2239 462 2292 τῶν
476 2228 602 2307 όπλων,
618 2233 656 2291 τό
673 2237 740 2292 τῶν
755 2234 1011 2315 μηχανημάτων,
1029 2226 1047 2293 δ
1063 2239 1120 2293 νῦν
1136 2231 1244 2310 εἷπον,
1261 2234 1342 2294 αύτδ

90 2335 199 2421 δήπου
215 2338 253 2397 τό
270 2341 337 2396 τῶν
352 2340 470 2412 τειχῶν
484 2325 542 2394 ούκ
557 2334 649 2394 ἔστιν
664 2335 793 2412 ὅμοιον,
816 2334 863 2406 ὡς
885 2325 944 2418 ἐφ’
969 2336 1061 2413 ὑμῶν
1076 2329 1342 2410 ἐπισκευάζεται.

88 2439 221 2520 καὶγὰρ
238 2438 278 2498 ἀν
293 2437 335 2497 τά
351 2445 410 2521 τής
425 2432 622 2515 ἐπιμελείας
636 2436 687 2519 θη·
702 2457 754 2510 τις
775 2437 820 2521 μή
845 2432 1031 2521 διαφέρειν,
1055 2433 1140 2497 ἀλλά
1163 2456 1217 2498 τοι
1242 2434 1344 2522 σχολῇ
1366 2443 1394 2495 20

88 2544 237 2622 χίμνεται
251 2541 307 2602 καὶ
321 2529 396 2600 κατ’
423 2535 535 2619 ἀλίχον
550 2540 607 2600 καί
622 2539 767 2620 ὁπηνίκα
789 2559 843 2612 τις
863 2535 1038 2619 βούλεται·
1062 2542 1138 2600 τότε
1162 2535 1198 2599 δὲ
1222 2529 1323 2622 ούκή

87 2635 171 2704 αὐτὰ
193 2644 237 2727 μή
263 2643 412 2703 ἑστάναι.
459 2641 516 2702 καὶ
538 2648 594 2702 νύν
615 2641 676 2720 μὲν
698 2629 760 2724 ὑφ’
786 2641 878 2719 ὑμῶν
902 2637 1225 2724 δοκιμασθησόμενα
1254 2642 1342 2701 οίκο-

10 2749 67 2809 105
86 2742 255 2824 δομεῖται,
291 2746 367 2805 τότε
404 2739 440 2804 δὲ
475 2744 543 2804 ύπό
579 2750 646 2804 τῶν
682 2737 866 2819 πολεμίων.
927 2741 1009 2803 εἷεν·
1047 2733 1086 2802 οὗ
1116 2743 1228 2802 τοίνυν
1264 2732 1341 2804 οὐδὲ

84 2855 183 2908 τοῦτο
214 2847 306 2907 ἔστιν
335 2847 446 2907 εἰπεῖν
479 2847 525 2919 ὡς
555 2842 717 2917 πλείονας
745 2841 881 2922 τιμᾶτε·
915 2845 952 2904 τδ
987 2844 1049 2927 γάρ
1086 2839 1224 2928 πλῆθος
1259 2835 1341 2905 αὐτὸ

86 2946 187 3031 δηλοῖ
203 2955 270 3008 τῶν
291 2944 328 3022 ἐξ
349 2948 475 3008 ἐκείνου
499 2955 560 3007 τοῦ
577 2949 699 3029 χρόνου
723 2949 884 3024 κειμένων
917 2941 1135 3029 ἀνδριάντων.
1179 2947 1282 3028 χωρὶς
1305 2943 1341 3007 δὲ
1364 2956 1394 3006 25

84 3053 204 3111 τούτου
228 3051 281 3122 τίς
302 3049 342 3108 άν
364 3046 460 3109 εἴποι
481 3045 620 3121 πλείους
643 3046 731 3109 εἶναι
753 3050 832 3121 τούς
854 3055 911 3109 νύν
935 3044 1240 3132 φιλοτιμουμένους
1262 3049 1343 3132 περὶ

85 3152 144 3234 τήν
167 3145 268 3210 πόλιν
275 3171 287 3224 ,·

172 3254 209 3336 νή
225 3252 305 3327 Δία,
329 3252 472 3334 ἀνάγκην
488 3252 549 3336 γάρ
571 3256 668 3333 ήμεῖς
687 3253 807 3330 ἔχομεν
829 3253 908 3325 τούς
929 3255 1093 3332 ήχεμόνας
1110 3251 1211 3332 τιμᾶν
1234 3255 1341 3316 άπαν·

87 3375 156 3427 τας.
201 3354 236 3413 τί
258 3344 311 3427 δ’;
334 3344 407 3432 ούχί
427 3355 484 3416 καὶ
502 3345 684 3437 Ἀθηναῖοι
704 3354 761 3414 καί
782 3349 1055 3432 Λακεδαιμόνιοι
1083 3357 1140 3418 καὶ
1160 3350 1342 3432 Βυζάντιοι

85 3458 142 3518 καί
163 3453 395 3539 Μυτιληναῖοι
423 3457 502 3531 τούς
530 3457 651 3530 αύτούς
678 3457 819 3529 τούτους
846 3456 1119 3539 θεραπεύουσιν,·
1147 3451 1222 3519 ἀλλ)
1251 3461 1343 3537 ὅμως
1364 3467 1392 3516 30

86 3562 166 3620 όταν
191 3554 270 3641 δόξῃ
300 3558 375 3619 τινά
400 3567 523 3644 στήσαι
542 3555 701 3638 χαλκοῦν,
733 3558 849 3618 ίστάσι
877 3559 934 3618 καὶ
955 3565 1015 3642 τής
1037 3559 1087 3632 εἰς
1108 3567 1208 3619 τοῦτο
1232 3557 1342 3620 δαπά-

10 3663 68 3726 106
85 3682 143 3742 νης
166 3662 379 3744 εὐποροῦσιν.
423 3662 479 3722 καί
500 3663 565 3745 μήν
588 3657 649 3744 ήδη
674 3661 766 3733 τινός
787 3661 913 3743 ήκουσα
934 3651 1061 3721 Ῥοδίου
1086 3657 1255 3742 λέγοντος,
1284 3662 1343 3741 ούχ

174 3967 266 4017 Ιτιῡν
291 3956 445 4032 προτέρων
467 3960 541 4017 UBT
646 3957 715 4016 3ἐν
737 3959 764 4017 εἰ
783 3963 843 4029 (pro
865 3954 916 4026 ἔνι)
938 3961 980 4026 Μ,
1001 3961 1031 4016 ln
1053 3961 1076 4016 T
1101 3956 1142 4019 ἔνι
1164 3977 1181 4017 a
1204 3978 1273 4018 corr.

88 4051 103 4100 6
121 4040 233 4104 τούτων
250 4047 330 4103 UBM
401 4042 554 4103 κατανύειν
570 4045 627 4101 UM
696 4050 710 4098 7
730 4041 856 4116 τριήρεσι
873 4045 947 4112 wil,
965 4038 1090 4118 τριήρεις
1106 4047 1177 4113 libri,
1195 4048 1267 4116 quod
1284 4048 1344 4116 ipse

86 4131 258 4188 seeludebam
364 4137 394 4187 15
417 4125 460 4188 άσ
481 4128 586 4188 ἐκεῖνοι
607 4129 684 4196 libri,
713 4146 780 4184 corr.
805 4130 885 4198 Emp.
992 4135 1023 4186 18
1046 4137 1110 4200 post
1131 4129 1343 4204 μηχανημάτων

86 4217 265 4285 supplendum
283 4216 389 4271 videtur
405 4211 452 4287 (τὸ
472 4219 531 4271 τῶν
549 4217 641 4284 νεῶν)
727 4208 746 4271 ἀ
764 4217 814 4271 νῦν
837 4215 911 4277 libri,
935 4231 1006 4270 corr.
1024 4215 1125 4272 Reiske
1214 4221 1245 4272 19
1262 4211 1342 4288 ἡμῶν

85 4302 142 4358 UM
229 4296 469 4369 έκισκευάζετεῐί
557 4303 587 4353 21
607 4301 715 4371 γίνεται
731 4299 781 4354 UT
867 4295 1033 4370 βούλετεῐί
1119 4306 1152 4355 22
1170 4302 1340 4358 scribendum

86 4383 204 4444 ἑστάναι
221 4381 301 4458 (ἀεὶ)
388 4390 420 4440 28
438 4381 496 4458 γὰρ
513 4381 595 4454 δμεῖσ
613 4381 728 4456 ἔχετεΤ
807 4387 838 4438 30
859 4387 1044 4456 Μιτυληναῖοι
1062 4385 1137 4441 UBT
1206 4390 1239 4442 32
1258 4385 1340 4444 εὐπο-

87 4476 169 4544 ροῦσι
186 4471 261 4528 UBT
331 4472 455 4527 Ροδίοοο
473 4469 502 4522 Μ
