3068 5160
217 317 258 374 94
631 313 755 370 DIONIS
773 313 824 369 DE
843 311 1060 371 TYRANNIDE

215 492 272 553 καί
294 491 591 575 περιστρέφεσθαι
612 485 779 570 βούλεται,
803 484 1044 572 πληγήσεσθαι
1066 486 1283 567 πανταχόθεν
1308 484 1476 563 οίόμενος,

217 596 298 656 αύτδ
330 590 365 654 δὲ
394 599 493 654 τοῦτο
524 593 582 653 ούκ
609 587 719 667 ἔξεστι
748 595 862 653 ποιεῖν
889 591 958 651 ὑπὸ
988 589 1147 673 αἰσχύνης
1176 590 1246 668 ἅμα
1271 589 1328 650 καί
1354 587 1475 666 φόβου.

165 696 284 776 54ύσῳ
313 695 376 778 γάρ
406 695 446 756 ἀν
475 691 691 778 ἐνδηλότερος
720 672 743 775 ᾖ
774 693 984 776 φοβούμενος
1013 692 1095 776 ἀνηρ
1126 692 1297 775 τύραννος,
1320 690 1474 769 τοσούτῳ

215 793 341 876 μᾶλλον
369 792 629 877 ἐπιβουλεύουσι
657 801 947 879 καταφρονοῦντες
974 801 1034 879 τῆς
1061 789 1198 866 δειλίας.
1244 785 1350 873 [ἔστιν
1375 790 1434 852 οὑν
1458 791 1532 854 δίει

216 900 291 980 βίος
314 891 443 980 όμοιος]
469 898 584 980 ὥσπερ
608 889 704 978 <οόν>
727 895 831 970 εἴτις
852 892 1046 980 καθείρξειέ
1067 916 1142 957 τινα
1166 896 1201 957 ἐν
1224 895 1338 978 εἱρκτῇ
1360 889 1476 977 μικρᾷ,
1496 904 1510 953 ί

216 1008 282 1062 τῶν
308 1002 369 1079 μὲν
392 999 528 1062 ἀνωθεν
557 995 666 1082 ξιφῶν
694 1002 918 1079 κρεμαμένων,
945 1003 1012 1059 τῶν
1035 993 1071 1059 δὲ
1093 992 1256 1058 κυκλόθεν
1280 1013 1476 1079 περιπεπη·

168 1101 341 1183 55γότωυ,
368 1102 575 1164 καὶτούτων
597 1102 799 1179 ἁπτομένων
821 1107 883 1160 τοῦ
899 1101 1046 1183 χρωτός·
1076 1100 1183 1172 οὑτως
1207 1098 1245 1159 ού
1268 1095 1315 1179 τῷ
1342 1099 1477 1177 σώματι

216 1207 330 1284 μόνον,
354 1201 439 1265 ἀλλά
462 1211 503 1286 τῇ
525 1210 619 1286 ψυχῇ
640 1209 703 1264 τοῦ
721 1204 883 1286 τυράννου
906 1205 1121 1286 περιπέπηγε
1136 1201 1178 1262 τά
1195 1197 1288 1286 ξίφη,
1313 1200 1403 1262 ὥστε
1419 1201 1476 1260 τδν

218 1307 253 1366 έν
277 1297 360 1387 ᾅδου
387 1301 570 1381 Τάνταλον,
592 1307 629 1365 όν
653 1321 741 1388 φασι

444 1403 592 1491 κεφαλῆς
613 1402 860 1489 ὑπερτέλλοντα
884 1402 1069 1484 δειμαίνειν
1091 1410 1226 1490 πέτρον,
1496 1415 1523 1466 11

220 1503 308 1566 πολύ
331 1503 415 1590 ῥᾷον
439 1505 576 1589 διάγειν.
615 1509 652 1569 ού
675 1509 737 1592 γάρ
762 1504 800 1592 δη
825 1508 875 1568 ἔτι
899 1508 1059 1592 φοβεῖται
1081 1509 1100 1568 δ
1124 1502 1297 1580 Τάνταλος
1318 1507 1365 1590 μη
1390 1505 1477 1566 ἀπο-

220 1609 327 1690 θάνη’
357 1607 403 1691 τῷ
434 1607 469 1673 δὲ
498 1613 646 1695 τυράννῳ
676 1604 776 1686 ζῶντι
805 1616 904 1670 τοῦτο
934 1606 1151 1695 ξυμβέβηκεν,
1182 1609 1201 1670 δ
1230 1609 1345 1689 ἐκείνην
1372 1605 1477 1691 νεκρῷ

168 1711 209 1772 56
221 1706 382 1790 λέγουσιν.
471 1715 547 1774 όσοι
568 1714 629 1792 μὲν
653 1712 710 1773 οὑν
732 1717 812 1791 μιάς
832 1715 990 1793 γεγόνασι
1006 1713 1164 1797 τύραννοι
1179 1706 1314 1784 πόλεως
1328 1711 1349 1794 ἢ
1363 1711 1478 1793 χώρας

219 1809 343 1896 ὀλίγης,
366 1815 501 1888 τούτοις
516 1815 577 1894 μὲν
601 1815 658 1874 οὑκ
680 1810 846 1875 ἀδύνατον
870 1811 1087 1898 ἀποδράντας
1109 1815 1146 1874 έκ
1167 1820 1227 1897 τῆς
1246 1799 1353 1897 ἀρχῆς
1375 1807 1478 1872 ἀλλα-

215 1917 298 1992 χόσε
320 1934 383 1976 ποι
404 1918 660 2000 καταφυγόντας
684 1911 756 2002 ζῆν·
777 1918 891 1978 καίτοι
913 1912 1023 1989 οὐδείς
1045 1912 1151 1999 ἀνδρα
1169 1911 1286 1997 ἀγαπᾷ
1301 1915 1476 1998 τύραννον,
1497 1926 1521 1978 11

218 2013 303 2077 ἀλλά
326 2018 468 2096 μισοῦσί
489 2037 525 2079 τε
546 2019 603 2080 καί
620 2020 854 2080 ὑποπτεύουσι
869 2019 925 2079 καί
940 2014 1068 2102 ῥᾳδίως
1083 2013 1258 2079 ἐκδιδόασι
1272 2020 1347 2089 τοῖς
1362 2012 1478 2100 ηδικη·

218 2124 350 2197 μένοις·
379 2122 457 2181 ύσοι
486 2115 521 2180 δέ
552 2117 688 2183 πολλῶν
719 2118 852 2183 πόλεων
878 2122 1019 2204 ἀρχουσι
1040 2121 1096 2181 καί
1118 2119 1230 2181 έθνῶν
1251 2119 1309 2180 καί
1331 2118 1477 2201 ἀπείρου

219 2228 294 2304 γῆς,
325 2221 441 2306 ὥσπερ
471 2223 490 2282 δ
517 2228 584 2284 τῶν
609 2223 753 2305 Περσῶν
780 2219 955 2304 βασιλεύς,
985 2223 1119 2296 τούτοις
1148 2217 1183 2282 δέ
1214 2209 1286 2281 οὐδ’
1319 2220 1362 2281 ἀν
1392 2238 1478 2281 ποτε

220 2329 380 2406 παραστῇ
410 2329 559 2385 συνεῖναι
587 2331 654 2386 τῶν
681 2331 790 2386 κακῶν
818 2325 879 2386 κάν
907 2324 1000 2386 θεῶν
1022 2343 1083 2406 τις
1112 2319 1221 2408 ἀφέλῃ
1250 2323 1310 2407 την
1337 2323 1478 2402 ἄγνοιαν

168 2427 207 2488 57
219 2425 338 2501 αὐτῶν,
363 2425 400 2485 ού
425 2422 565 2487 δυνατόν
587 2427 752 2510 ἐκφυγεῖν.
797 2423 892 2488 δοκεῖ
910 2423 945 2487 δὲ
970 2422 1134 2488 οὐδέποτε
1156 2426 1197 2488 ἀν
1220 2420 1386 2510 ἀσφαλῶς
1411 2419 1478 2509 ζῆν,
1497 2435 1524 2488 11

221 2515 293 2587 οὐδ’
321 2528 352 2588 εί
370 2523 514 2606 χαλκοῦς
536 2529 555 2612 ἢ
581 2525 739 2612 σιδηροῦς
756 2532 897 2609 γένοιτο,
921 2524 1006 2589 ἀλλά
1021 2529 1078 2590 καί
1094 2528 1201 2602 οὑτως
1216 2527 1257 2589 ἀν
1271 2528 1479 2600 κατακοπείς

219 2629 238 2711 ἢ
267 2630 537 2709 καταχωνευθεὶς
566 2626 774 2691 ἀπολέσθαι.
819 2630 878 2692 έάν
905 2631 966 2709 μὲν
996 2629 1053 2692 οὑν
1081 2651 1134 2704 τις
1163 2627 1253 2711 αύτῷ
1281 2625 1480 2713 διαλέγηται

219 2729 370 2814 θαρρῶν,
394 2735 412 2793 ό
435 2729 471 2794 δὲ
495 2727 663 2816 ὀργίζεται
684 2733 741 2794 καί
763 2727 892 2794 δέδοικε
913 2733 973 2816 την
996 2731 1207 2814 παρρησίαν
1231 2731 1289 2793 έάν
1312 2727 1350 2793 δὲ
1373 2730 1479 2814 θερα-

170 2829 210 2892 58
222 2834 335 2894 πεύων
369 2836 425 2896 καί
460 2830 824 2911 ὑποκατακλινόμενος,
860 2835 1049 2895 ὑποπτεύει
1079 2833 1139 2917 τήν
1167 2832 1371 2916 θεραπείαν.
1424 2834 1480 2895 καί

219 2935 286 2995 ὑπδ
315 2936 376 3013 μέν
405 2942 471 2996 τῶν
498 2932 703 3018 ἐλευθερίως
725 2940 1005 3018 προσερχομένων
1029 2933 1138 2997 οἴεται
1159 2929 1380 3016 ὑβρίζεσθαι,
1409 2937 1478 2997 ὑπδ
1499 2945 1525 2999 11

221 3032 257 3097 δὲ
271 3042 338 3098 τῶν
353 3042 603 3122 ταπεινοτέρων
615 3033 866 3113 ἐξαπατᾶσθαι.
897 3038 953 3100 καί
969 3034 1227 3122 λοιδορούμενος
1237 3031 1335 3119 ηυδε)
1350 3033 1480 3098 πολλα-

221 3135 377 3212 πλασίως
411 3139 546 3201 ἀνιᾶται
579 3141 598 3224 ἢ
636 3135 754 3216 ἀλλος,
790 3142 843 3202 ότι
872 3137 910 3225 δη
941 3141 1102 3224 τύραννος
1131 3141 1178 3201 ὢν
1207 3140 1322 3201 ἀκούει
1349 3145 1479 3214 κακῶς·

221 3242 466 3320 ἐπαινούμενος
501 3238 536 3302 δέ
573 3242 631 3320 ούχ
665 3238 799 3326 ἥδεται·
834 3242 872 3302 ού
899 3241 962 3325 γάρ
993 3249 1201 3325 φρονοῦντας
1231 3242 1339 3316 οὕτως
1369 3239 1480 3304 οἴεται

170 3337 210 3400 59
222 3338 337 3422 λέγειν.
382 3350 443 3403 τοῦ
470 3340 505 3404 δὲ
533 3340 714 3407 καλλίστου
742 3347 799 3407 καί
825 3341 1101 3406 λυσιτελεστάτου
1123 3345 1292 3428 κτήματος
1313 3344 1479 3407 ἀπάντων

307 3633 320 3684 1
337 3623 505 3702 βουλεύεται
522 3628 552 3685 δὲ
569 3629 644 3686 UBV
713 3624 900 3701 πανταχόθεν
916 3623 1111 3700 πληγήσεσθαι
1128 3628 1154 3684 U
1170 3667 1173 3672 -
1223 3630 1238 3680 2
1256 3622 1366 3695 ἔξεστιν
1382 3627 1410 3685 U

220 3720 234 3770 3
256 3710 456 3788 ένόειλότεροσ
476 3716 502 3772 U
521 3711 716 3786 ἐνδηλότεροσ
737 3715 762 3769 V
847 3735 900 3784 μετ
917 3711 1102 3786 βουμενοσί
1189 3716 1205 3766 4
1222 3706 1300 3770 ἔστιν
1315 3743 1351 3755 -
1373 3703 1480 3783 δμοιος

220 3802 332 3866 seclusi,
358 3793 409 3859 οὖν
433 3805 497 3869 post
523 3789 622 3873 ἀίσπερ
648 3799 738 3854 addidi
841 3805 856 3853 5
883 3797 1062 3871 καθείρξειέν
1088 3817 1151 3854 τινα
1178 3796 1229 3854 UV
1332 3801 1350 3850 6
1373 3817 1478 3873 κεκρα-

218 3887 355 3955 μένωνθ
459 3889 540 3942 8καί
557 3889 593 3956 τῇ
609 3885 679 3941 UB?
782 3903 904 3956 τυραννο
928 3879 1103 3957 περιπέπηγε
1126 3881 1199 3949 (sici)
1221 3880 1247 3935 V
1339 3883 1478 3956 πεμπέμ-

219 3972 331 4044 πηγεΡ
434 3965 470 4028 τά
489 3973 553 4025 ante
571 3971 637 4041 ξίφη
654 3985 705 4024 om.
723 3969 798 4026 UBV
896 3968 1060 4041 9φασινΥ
1164 3972 1196 4023 10
1215 3967 1283 4025 Eur.
1308 3966 1356 4022 Or.
1375 3971 1406 4033 6,
1431 3968 1479 4022 ubi

219 4061 346 4129 κορυφῆς
367 4056 431 4112 libri
501 4060 530 4107 11
551 4054 705 4125 ῥαιδιονΠ
782 4047 930 4111 ἀποθάνοι
948 4053 995 4109 ΡΥ
1082 4059 1115 4110 13
1137 4053 1251 4127 λέγουσι
1267 4053 1294 4108 U
1374 4056 1408 4106 14
1424 4051 1479 4122 μέν

220 4143 332 4212 scripsi,
356 4141 385 4200 δὲ
408 4141 470 4196 libri
492 4142 554 4202 (om.
573 4140 607 4205 Y)
699 4130 894 4211 ἀποδράσσειν
915 4140 941 4195 U
965 4133 1140 4212 ἀποδράσειν
1163 4138 1212 4194 BV
1314 4139 1367 4194 καί
1388 4130 1477 4195 ἀλλα·

219 4225 292 4297 χόσε
314 4227 363 4283 UB
469 4231 499 4282 15
523 4224 625 4294 ζεῑνΠ
729 4228 760 4280 18
780 4218 844 4280 οὐδὲ
862 4219 900 4280 ἀν
916 4223 992 4279 UBV
1095 4227 1126 4278 19
1144 4226 1192 4281 καί
1215 4237 1266 4293 pro
1290 4218 1390 4281 κάνθ

221 4317 250 4365 21
277 4303 406 4368 οὑτοσΥ
501 4306 538 4368 ἀν
561 4325 612 4364 om.
631 4309 679 4363 PY
772 4313 804 4365 25
826 4305 986 4382 ἐλευθέρως
1011 4308 1260 4381 προσφερομένων
1282 4307 1420 4374 Comma,
1450 4311 1478 4361 et

220 4413 283 4450 mox
300 4392 508 4467 ταπεινότερον
577 4399 609 4448 26
626 4393 680 4463 μὲν
697 4394 787 4448 addidi
856 4397 887 4446 27
906 4386 1020 4450 ἀνιᾶται
1037 4391 1135 4450 ἀλλωσ
1152 4393 1202 4448 UB
1280 4385 1388 4451 ἀκούοι
1404 4391 1477 4456 libri.

222 4493 290 4535 corr.
308 4479 389 4533 Dind.
