3068 5160
591 343 727 398 ORATIO
744 344 844 398 XXXI.
1291 345 1351 404 241

97 520 162 600 ἐγὼ
188 510 218 578 δ’
247 520 300 580 ύτι
322 521 382 598 μὲν
407 511 464 580 οὐκ
487 517 522 580 εἴ
540 539 629 594 τινες
652 520 812 600 ἀγνοοῦσι
834 520 1067 603 προσήκοντας
1089 523 1223 594 ἑαυτοῖς
1246 521 1355 595 ἐνίους
1368 523 1407 585 73

96 623 234 696 τούτων,
259 623 342 704 ὅπερ
366 617 471 697 είκός,
503 618 558 682 διά
581 628 680 682 τούτο
704 617 842 682 ἔλαττον
866 618 1061 682 ἀδικοῦνται
1089 628 1156 682 τῶν
1178 619 1355 705 προγόνων

98 717 360 802 ἀτιμαζομένων,
388 724 532 808 ἀφίημι·
556 720 794 806 χαλεπώτερον
822 720 857 784 δὲ
883 719 1099 796 άλλωςείναί
1115 742 1175 802 μοι
1199 720 1294 785 δοκεῖ
1316 727 1354 785 τύ

97 820 292 905 γιγνόμενον
328 826 377 899 είς
405 826 566 901 ἐκείνους,
603 824 655 898 οίς
688 822 773 909 μηδὲ
803 827 895 886 ἔστιν
932 826 1056 898 οἰκεῖος
1084 821 1168 907 μηδὲ
1206 825 1255 899 είς
1293 828 1353 887 ἔτι.

60 927 153 986 σκαί
174 926 235 1010 γὰρ
258 933 325 987 τῶν
356 921 488 1002 ζώντων
518 924 614 988 δοκεῖ
638 924 827 1010 δεινότερον
857 924 945 988 εἶναι
974 928 1114 999 τούτους
1145 922 1272 988 ἀδικεῖν
1303 927 1355 1001 οἷς

96 1024 181 1111 μηδέ
198 1027 247 1102 είς
263 1029 355 1090 ἔστιν
372 1031 390 1089 ὁ
404 1028 545 1112 βοηθῶν
561 1030 621 1090 ἔτι.
660 1030 737 1090 ἐπεὶ
751 1030 835 1089 κατά
858 1047 894 1108 γε
917 1035 1016 1089 τοῦτο
1041 1024 1228 1107 λεγέτωσαν
1250 1025 1354 1112 μηδὲν

97 1129 185 1191 εἶναι
205 1126 355 1208 χαλεπόν
377 1127 461 1214 μηδὲ
484 1133 522 1192 τύ
546 1132 625 1204 τούς
652 1132 822 1215 ὀρφανούς
843 1126 1009 1211 βλάπτειν
1031 1131 1110 1203 τούς
1133 1128 1354 1192 παντάπασιν

97 1233 250 1315 ἐρήμους,
276 1233 311 1292 οῖ
331 1234 414 1317 μήτε
437 1237 570 1306 ἑαυτοῖς
593 1233 731 1311 ἀμύνειν
754 1229 913 1293 δύνανται
935 1232 1018 1314 μήτε
1041 1227 1143 1292 ἀλλον
1159 1232 1274 1309 έχουσι
1296 1234 1354 1293 τδν

95 1330 288 1417 κηδόμενον.
334 1331 419 1394 ἀλλά
447 1336 543 1413 ὑμεῖς
570 1335 765 1396 τούναντίον
793 1335 849 1394 καί
874 1330 1000 1412 μᾶλλον
1029 1335 1089 1394 ἐπὶ
1116 1335 1251 1407 τούτοις
1274 1336 1354 1415 ἀγα-

47 1445 74 1494 11)
95 1441 245 1498 νακτεῖτε
266 1438 322 1497 καί
345 1433 493 1520 δημοσίᾳ
520 1436 741 1497 καθίστασθε
769 1437 995 1519 ἐπιτρόπους,
1025 1437 1120 1508 ὅπως
1148 1432 1252 1519 μηδὲν
1281 1432 1353 1497 ἀδι-

95 1546 230 1600 κῶνται.
317 1533 468 1598 καθόλου
493 1534 529 1599 δὲ
552 1539 689 1598 πάντων
712 1536 758 1599 ὧν
780 1534 961 1618 μέλλουσιν
984 1539 1072 1620 ἐρεῖν
1089 1534 1196 1617 λόγων
1219 1534 1354 1612 ούδενδς
1366 1539 1405 1598 74

96 1642 230 1718 ἔχοντος
252 1641 401 1713 ἐπιεικὲς
425 1636 530 1716 ούδέν,
556 1641 574 1699 δ
595 1642 750 1713 τοιοῦτός
772 1642 865 1702 ἐστιν
888 1641 1121 1716 ἀτοπώτατος,
1146 1641 1192 1714 ὡς
1210 1641 1276 1723 ἀρα
1301 1641 1354 1700 ού-

98 1738 192 1816 δενδς
215 1743 383 1802 ἅπτονται
405 1747 472 1802 τῶν
494 1742 670 1824 γνωρίμων
694 1738 904 1826 ἀνδριάντων
927 1739 1003 1803 ούδέ
1022 1743 1079 1814 ούς
1095 1742 1281 1802 ἐπίσταταί
1302 1762 1355 1815 τις

97 1841 142 1903 ὧν
172 1843 275 1918 είσιν,
306 1840 391 1904 ἀλλά
421 1844 567 1927 ἀσημοις
595 1844 667 1904 τισὶ
687 1845 744 1904 καί
768 1840 901 1927 σφόδρα
925 1841 1089 1916 παλαιοῖς
1111 1850 1352 1926 καταχρῶνται.

48 1954 75 2003 15
96 1945 257 2027 καθάπερ
281 1943 316 2005 εἴ
334 1966 387 2018 τις
410 1942 501 2025 λέγοι
516 1941 643 2027 μηδένα
659 1952 726 2005 τῶν
742 1949 921 2030 ἐπιφανῶν
938 1943 1066 2006 ἀδικεῖν
1083 1941 1244 2020 πολιτῶν,
1268 1941 1353 2005 ἀλλά

96 2048 174 2119 τούς
199 2043 400 2128 δημοτικούς
421 2048 478 2107 καὶ
500 2047 558 2119 ούς
579 2043 697 2129 μηδείς
721 2044 820 2108 οἶδεν.
925 2048 1038 2107 καίτοι
1058 2047 1106 2126 μά
1130 2048 1188 2107 τύν
1202 2047 1272 2108 Δία
1297 2048 1354 2125 υύχ

96 2150 223 2226 ὅμοιον.
269 2150 304 2208 ἐν
327 2149 387 2226 μὲν
409 2147 471 2230 γάρ
494 2153 568 2221 τοῖς
597 2143 681 2223 ζῶσι
708 2149 765 2209 καί
794 2136 841 2209 δι’
873 2148 1040 2228 εύγὲνειαν
1068 2148 1124 2209 καί
1153 2139 1202 2209 δι’
1234 2149 1354 2232 ἀρετὴν

97 2245 198 2322 ἀλλος
221 2245 324 2309 ἀλλου
349 2250 582 2333 φανερώτερός
604 2252 694 2326 ἐστι,
723 2251 780 2311 καί
803 2246 859 2311 διά
882 2247 1030 2311 πλούτου
1052 2256 1152 2310 τούτο
1177 2251 1355 2330 συμβαίνει

96 2352 152 2412 καὶ
175 2341 223 2412 δι’
249 2354 365 2435 ἑτέρας
388 2354 583 2436 προφάσεις
605 2347 819 2432 ἀξιολόγους*
842 2353 902 2413 ἐπὶ
924 2349 959 2412 δέ
983 2357 1050 2412 τῶν
1066 2354 1202 2412 είκόνων
1217 2353 1261 2437 μη
1279 2353 1354 2412 τού-

46 2461 75 2510 10
97 2452 231 2513 ναντίον
261 2448 351 2533 λέγοι
379 2474 432 2526 τις
461 2454 502 2514 ἀν
532 2453 577 2526 ὥς
605 2453 693 2513 εἰσιν
716 2450 817 2513 αύται
839 2448 1020 2532 βελτιόνων
1043 2450 1183 2537 ἀνδρῶν.
1230 2455 1268 2514 ού
1290 2455 1352 2539 γάρ

98 2545 144 2616 δι’
170 2556 322 2636 ἀγένειαν
344 2555 363 2638 ἢ
387 2555 504 2615 κακίαν
527 2555 602 2616 τινά
627 2556 684 2616 ούκ
707 2553 927 2632 ἐπιστάμεθα
944 2556 1075 2631 αύτούς,
1099 2556 1137 2615 οἵ
1154 2574 1190 2636 γε
1205 2543 1353 2617 τῶνάύ-

77 2645 162 2718 ’τῶν
184 2661 257 2731 τοῖς
281 2653 535 2740 λαμπροτάτοις
557 2660 767 2734 τετεύχασιν,
797 2652 882 2716 ἀλλά
907 2653 963 2717 διά
985 2665 1089 2741 μῆκος
1108 2659 1230 2740 χρόνου
1253 2665 1352 2718 τοῦτο

94 2763 235 2839 γέγονεν.
273 2761 341 2839 ὅσῳ
359 2759 471 2820 τοίνυν
493 2760 572 2832 τούς
594 2761 760 2842 πρότερον
783 2759 837 2820 ἀεὶ
858 2765 925 2819 τῶν
948 2761 1211 2840 ἐπιγιγνομένων
1228 2761 1404 2833 πάντες75

95 2864 254 2943 ηγούνται
277 2862 379 2943 φύσει
400 2861 581 2943 κρείττους,
603 2861 660 2920 καί
682 2857 792 2922 πάλαι
814 2863 851 2922 τὸ
875 2865 985 2939 τυχεῖν
1007 2881 1102 2934 τινας
1120 2862 1240 2920 τούτου
1265 2877 1352 2922 σπυ-

10 2971 31 3023 1)
45 2970 73 3019 25
95 2963 254 3044 νιύιτερον
269 2963 407 3046 ύπηρχε,
430 2964 581 3042 τοσούτῳ
600 2963 679 3044 περί
695 2962 852 3041 ἀμείνους
868 2960 994 3042 ἀνδρας
1014 2965 1072 3025 καί
1085 2958 1248 3042 μειζόνων
1272 2965 1351 3045 ἀγυ-

95 3063 171 3123 θῶν
202 3062 333 3135 αἰτίους
361 3059 583 3143 ὁμολογοῦσιν
612 3065 826 3147 ἁμαρτάνειν.
877 3067 931 3126 ότι
961 3057 993 3126 δ’
1019 3062 1132 3150 ἀληθῆ
1162 3073 1267 3127 ταύτα
1290 3067 1352 3146 ἀμ-

98 3166 225 3248 φότερα
250 3160 359 3248 δῆλον.
397 3166 476 3238 τούς
494 3184 530 3226 τε
552 3164 614 3249 γὰρ
633 3161 766 3249 σφόδρα
790 3167 950 3248 ἀρχαίους
965 3168 1132 3250 ημιθέους
1156 3168 1253 3242 όντας
1276 3170 1352 3230 ἐπι-

99 3265 255 3344 στάμεθα
277 3267 334 3327 καὶ
354 3267 433 3339 τούς
454 3257 530 3344 μετ’
556 3267 677 3339 αύτούς
700 3268 737 3327 ού
760 3264 848 3328 πολύ
875 3269 1008 3330 ἐκείνων
1030 3271 1202 3353 χείρονας·
1232 3271 1351 3332 ἔπειτα

97 3369 176 3440 τούς
199 3363 321 3451 ἑφεξῆς
343 3363 525 3440 ἐλάττονας
548 3367 601 3429 ἀεί
621 3369 706 3428 κατά
728 3370 787 3431 τόν
813 3372 950 3452 χρόνον,
978 3372 1035 3432 καί
1063 3368 1159 3444 τέλος
1188 3373 1267 3445 τούς
1295 3379 1351 3433 νύν

43 3481 72 3530 30
95 3469 238 3542 ὁποίους
259 3472 344 3551 ημᾶς
367 3469 489 3542 αύτούς
512 3464 660 3547 οἴδαμεν.
705 3472 950 3554 καὶπρότερον
978 3472 1039 3550 μὲν
1063 3469 1139 3532 ούδὲ
1169 3474 1352 3547 τοῖςάπο-

94 3567 285 3653 θνῄσκουσι
308 3575 412 3632 πᾶσιν
434 3571 520 3653 ύπέρ
543 3579 603 3655 της
625 3567 759 3645 πόλεως
780 3568 820 3656 ἦν
836 3574 975 3633 ἑστάναι
987 3569 1135 3650 χαλκοῖς,
1159 3566 1235 3634 ἀλλ>
1261 3575 1292 3635 εί
1305 3577 1350 3659 μή

94 3693 147 3745 τις
176 3673 335 3756 ὑπερφυᾶ
362 3673 419 3733 καί
446 3671 632 3752 θαυμαστὰ
662 3670 819 3758 πράξειε·
849 3681 906 3735 νύν
936 3671 971 3735 δέ
998 3675 1077 3748 τούς
1098 3671 1352 3750 καταπλέοντας

94 3781 254 3853 τιμῶμεν,
279 3765 374 3849 ὥστ’,
399 3772 495 3858 εἴπερ
519 3775 603 3858 ἀρα,
627 3777 706 3850 τούς
727 3777 867 3860 ὕστερον
889 3773 1014 3857 μᾶλλον
1036 3778 1092 3838 καί
1114 3778 1193 3851 τούς
1215 3778 1351 3858 ἐγγιστα

95 3882 152 3936 νύν
176 3876 413 3955 ἀνακειμένους
435 3881 694 3960 μεταποιητέον.
809 3875 885 3940 υύδέ
907 3879 969 3963 γὰρ
992 3881 1098 3940 ἐκεῖνο
1122 3880 1271 3960 ἀγνοεῖτε
1295 3875 1351 3963 δή·
1362 3883 1403 3944 76

183 4080 194 4128 1
215 4067 352 4145 ἀγνοοῦσι
369 4074 394 4128 Ε
412 4067 568 4146 ἀγνοοῦσιν
585 4074 669 4130 ceteri
764 4081 781 4130 4
798 4077 842 4134 εἰσ
860 4093 908 4145 pro
927 4071 971 4133 εἷο
988 4093 1004 4130 v
1094 4081 1109 4131 6
1127 4073 1168 4133 ἔτι
1186 4092 1237 4131 om.
1259 4078 1283 4131 Β

94 4155 157 4214 ἐπεὶ
175 4175 262 4213 om.v
367 4164 397 4213 10
414 4159 654 4217 καθίστασθαιΜ
752 4167 783 4216 14
800 4155 963 4230 άσίμοισΜ
1048 4165 1078 4215 21
1100 4155 1284 4233 ἀγέννειαν]

96 4247 129 4296 24
152 4248 200 4300 καὶ
218 4241 307 4302 πάλαι
324 4241 359 4300 τὸ
377 4244 486 4313 scripsi,
503 4249 552 4301 καί
570 4240 605 4302 τὸ
625 4243 713 4302 πάλαι
730 4246 793 4300 libri
864 4249 895 4299 31
915 4238 982 4302 ἀλλ’
1000 4239 1080 4315 εἰμὴ
1098 4246 1242 4314 Emperius
1260 4251 1352 4302 tuetur

95 4330 156 4384 coll.
175 4329 278 4383 LXXX
296 4333 311 4383 8
329 4329 446 4386 XLVIII
465 4336 477 4387 1
583 4336 614 4385 33
634 4327 676 4387 ὥσ
699 4327 780 4401 εἴπερ
797 4329 821 4383 Β
839 4327 930 4400 ούκερ
952 4333 1013 4397 (om.
1038 4322 1120 4397 ὥστ’)
1144 4348 1160 4385 v
1262 4333 1351 4388 conie-

96 4414 180 4467 ceris:
205 4417 253 4470 καί
276 4409 390 4486 ἔγγιστα
412 4419 466 4473 τοῦ
489 4421 552 4481 νῦν,
575 4433 602 4486 p.
622 4419 686 4482 251,
712 4419 742 4470 13
765 4414 872 4469 confert
889 4414 970 4479 wil„
993 4414 1068 4471 locos
1091 4416 1206 4472 invicem
1229 4433 1258 4473 se
1280 4418 1351 4474 tueri

95 4502 172 4552 ratus

149 4589 206 4636 DIO.
221 4591 240 4634 Ι.
1114 4591 1145 4642 16
