3068 5160
200 291 260 350 136
663 253 787 342 mo'ffls
805 285 856 340 οιι
876 287 1002 341 mmo

202 476 298 548 σῶμα
322 467 497 548 αἴσχιστον
522 466 637 538 αὐτοῖς
660 461 769 524 ἐδόκει
791 463 847 523 καὶ
864 464 901 522 τό
919 464 1037 523 πτύειν
1054 463 1088 522 ἐν
1111 458 1159 543 τῷ
1177 459 1335 546 φανερῷ·
1360 465 1476 523 ’ταῦτα

202 567 237 631 δέ
255 570 375 643 αύτούς
392 567 487 631 οὐδὲν
511 562 645 646 ἔμελλεν
669 566 818 650 ὀνήσειν·
844 566 929 626 ὥστε
954 554 1026 624 οὐδ’
1052 559 1091 646 ἦν
1117 566 1304 647 στρατηγός
1330 565 1477 626 ἐκείνων

203 667 311 745 ούδελς
335 668 411 733 ούδέ
434 667 602 752 βασιλεύς,
626 663 711 728 ἀλλά
734 663 895 749 μυριάδες
918 666 1115 750 ἀνθρώπων
1131 666 1309 750 ἀμύθητοι
1326 664 1476 728 πάντων

202 775 360 858 ἀφρόνων
388 775 445 835 καὶ
471 768 733 850 κακοδαιμόνων.
779 769 828 843 είς
852 765 889 829 δέ
910 788 963 841 τις
985 769 1020 829 ἐν
1044 768 1159 841 αύτοῖς
1181 769 1331 853 ὑπῆρχεν
1358 770 1475 855 ὀρθὴν

201 877 284 955 ἔχων
300 874 420 960 τιάραν
435 876 492 937 καὶ
507 875 566 936 ἐπὶ
581 874 709 957 θρόνου
722 878 850 955 χρυσοῦ
863 864 1024 946 καθίζων,
1048 858 1109 954 ἀφ’
1137 868 1179 930 ού
1192 867 1321 944 πάντες
1348 872 1473 955 ὥσπερ
1494 886 1507 932 5

200 982 267 1041 ὑπὸ
292 976 453 1058 δαίμονος
476 973 659 1061 ἠλαύνοντο
683 976 770 1058 πρός
792 975 886 1055 βίαν,
915 974 949 1033 οῖ
970 974 1031 1051 μὲν
1055 973 1104 1045 είς
1126 973 1185 1056 την
1208 969 1415 1050 θάλατταν,
1442 978 1475 1035 οἱ

202 1078 237 1142 δέ
260 1082 345 1142 κατά
368 1088 435 1143 τῶν
459 1081 556 1163 ἀρῶν,
578 1078 635 1138 καὶ
656 1077 920 1157 μαστιγούμενοι
941 1076 998 1136 καὶ
1022 1070 1170 1147 δεδιότες
1191 1076 1248 1136 καὶ
1265 1075 1474 1154 ὠθούμενοι

150 1184 256 1246 25καλ
285 1188 463 1266 τρέμοντες
489 1173 711 1265 ἠναγκάζοντο
741 1172 985 1262 ἀποθνῄσκειν.
1032 1177 1147 1258 ὥσπερ
1178 1175 1234 1236 οῦν
1264 1180 1295 1237 εἰ
1324 1174 1387 1238 δύο
1415 1180 1473 1240 ἀν-

200 1286 335 1369 θρώπια
360 1281 519 1344 παλαίειν
544 1282 601 1342 οῦκ
624 1278 733 1342 είδότε
756 1277 947 1355 παλαίοιεν,
975 1282 994 1341 ό
1015 1298 1051 1359 γε
1074 1281 1187 1358 ἐτερος
1208 1276 1406 1359 καταβάλοι
1431 1282 1472 1342 ἀν

200 1388 308 1448 ἐνίοτε
330 1387 387 1446 τόν
411 1389 533 1467 έτερον,
559 1384 596 1443 ού
621 1374 668 1444 δι’
694 1383 884 1466 ἐμπειρίαν,
912 1377 996 1441 ἀλλά
1021 1378 1076 1442 διά
1101 1401 1176 1442 τινα
1199 1382 1310 1464 τύχην,
1337 1380 1473 1444 πολλά·
1496 1397 1521 1445 1ο

199 1509 252 1562 κις
275 1484 389 1548 δὲκαὶ
412 1483 463 1559 δὶς
485 1482 607 1570 ἐφεξῆς
631 1487 649 1546 ό
672 1485 781 1560 αάτός,
807 1485 913 1557 οὕτως
934 1484 991 1544 καὶ
1006 1474 1206 1566 Ἀθηναίοις
1222 1475 1360 1566 Πέρσαι
1386 1501 1471 1564 συμ-

200 1586 377 1669 βαλόντες,
406 1589 482 1648 τοτέ
505 1590 565 1667 μέν
585 1579 769 1670 Ἀθηναῖοι
791 1595 974 1671 περιῆσαν,
1001 1586 1078 1646 τοτὲ
1103 1581 1137 1646 δὲ
1162 1585 1312 1668 Πέρσαι,
1347 1586 1469 1672 ὥσπερ

201 1692 357 1775 ὕστερον,
387 1694 441 1752 ότε
468 1691 525 1750 καὶ
553 1690 594 1750 τά
617 1691 708 1773 τείχη
733 1697 792 1774 τῆς
815 1685 948 1762 πόλειος
970 1683 1156 1768 κατέβαλον
1178 1686 1263 1766 μετά
1287 1685 1468 1750 Λακεδαι-

151 1793 190 1856 26
201 1795 327 1872 μονίων
357 1789 592 1872 πολεμοῦντες.
631 1792 708 1853 ἐπεὶ
736 1792 826 1869 ἔχοις
849 1791 889 1852 ἀν
911 1810 972 1868 μοι
995 1790 1105 1850 εἰπεῖν
1128 1790 1158 1850 εί
1181 1791 1257 1851 τότε
1279 1780 1467 1874 Ἀθηναῖοι

201 1896 425 1980 ἀμουσότεροι
457 1897 513 1957 καὶ
546 1895 848 1979 ἀγραμματώτεροι
880 1895 1077 1973 γεγόνεσαν,·
1110 1892 1230 1952 ἔπειτα
1266 1892 1369 1966 αὖθις
1401 1896 1465 1956 ἐπὶ
1491 1906 1520 1956 15

201 1998 369 2073 Κόνωνος,
392 2000 448 2059 ότε
470 1999 626 2081 ἐνίκησαν
649 2005 690 2081 τῇ
713 1996 888 2076 ναυμαχίᾳ,
902 2002 944 2079 τῇ
960 1995 1040 2077 περὶ
1055 1990 1191 2069 Κνίδον,
1216 1994 1355 2072 ἀμεινον
1378 1994 1461 2056 ἐπά-

202 2097 297 2161 λαιον
325 2101 381 2160 καί
402 2079 504 2182 ιἧδον,·
533 2101 639 2173 ούτως
670 2098 727 2160 οῦν
756 2099 948 2182 ἀπέφαινεν
973 2097 1094 2169 αύτούς
1117 2092 1277 2174 ούδεμιάς
1300 2095 1466 2173 παιδείας

199 2209 345 2285 χρηστῆς
367 2194 598 2281 τυγχάνοντας.
645 2195 756 2282 [τοῦτο
787 2198 822 2261 δὲ
855 2201 892 2260 ού
921 2202 1024 2279 μόνον
1044 2190 1262 2282 Ἀθηναίοις,
1293 2195 1382 2261 ἀλλά
1411 2203 1470 2264 καὶ

203 2299 320 2381 σχεδόν
353 2323 387 2362 τι
416 2309 522 2363 πάσιν
551 2303 755 2381 ἀνθρώποις
782 2304 838 2363 καλ
867 2305 1033 2384 πρότερον
1056 2301 1112 2360 καί
1141 2307 1197 2361 νῦν
1233 2285 1469 2386 συμβέβηκενλ

150 2403 256 2468 27καλ
284 2400 349 2489 μὴν
378 2407 417 2465 τό
444 2423 481 2485 γε
510 2401 717 2466 ἀπαίδευτον
746 2402 834 2464 εῖναι
861 2405 917 2464 καὶ
945 2399 1049 2485 μηδέν
1079 2400 1307 2482 ἐπιστάμενον
1331 2403 1380 2466 ὧν
1401 2402 1468 2491 χρὴ
1492 2418 1518 2467 10

200 2505 284 2592 μηδὲ
310 2509 431 2582 ἱκανῶς
454 2511 769 2591 παρεσκευασμένον
793 2507 879 2587 πρὸς
902 2507 959 2565 τόν
982 2505 1057 2584 βίον
1081 2499 1137 2589 ζῆν
1160 2525 1197 2566 τε
1218 2507 1274 2567 καὶ
1297 2504 1468 2590 πράττειν

201 2612 385 2692 ἐπιχειρεῖν
402 2610 509 2683 ούτως
523 2606 651 2691 μεγάλα
676 2605 857 2693 πράγματα
873 2603 957 2690 μηδὲ
975 2607 1096 2681 αύτούς
1119 2609 1266 2681 ἐκείνους
1288 2607 1466 2692 ἀρέσκειν·

201 2714 279 2786 τούς
301 2711 363 2794 γάρ
387 2712 537 2790 ἀμαθεῖς
559 2712 615 2773 καὶ
638 2707 865 2782 ἀπαιδεύτους
894 2713 1012 2791 ψέγειν
1043 2710 1164 2783 αὐτούς
1187 2711 1233 2783 ὡς
1257 2710 1294 2770 ού
1320 2708 1467 2792 δυναμέ-

201 2833 278 2887 νους
301 2809 357 2897 ζῆν
382 2814 512 2896 ὀρθῶς·
540 2812 628 2874 εἶναι
652 2809 687 2873 δὲ
711 2813 862 2892 ἀμαθεῖς
885 2814 957 2892 ούχλ
978 2815 1057 2887 τούς
1080 2813 1235 2896 ὑφαίνειν
1258 2813 1277 2896 ἢ
1304 2829 1466 2876 σκυτοτο-

201 2919 276 2992 μεῖν
298 2917 342 2999 μη
368 2916 615 2994 ἐπισταμένους
633 2911 708 2976 οὐδὲ
732 2916 810 2989 τούς
827 2917 1008 3000 ὀρχεῖσθαι
1032 2916 1088 2976 ούκ
1104 2913 1248 2992 εἰδότας,
1273 2912 1358 2976 ἀλλά
1383 2920 1466 2993 τούς
1489 2928 1516 2978 25

151 3012 191 3074 28
203 3017 405 3096 ἀγνοοῦντας
434 3018 454 3075 ἀ
483 3017 576 3078 ἐστιν
604 3014 718 3078 είδότα
747 3014 848 3079 καλὸν
877 3020 933 3080 καὶ
961 3018 1093 3099 ἀγαθόν
1122 3015 1228 3103 ἀνδρα
1259 3017 1355 3081 εἶναι.
1408 3023 1466 3083 καὶ

204 3118 308 3191 οὕτως
338 3115 376 3203 δη
408 3097 592 3201 παρεκάλει
621 3123 708 3204 πρός
736 3122 773 3181 τό
804 3119 1050 3201 ἐπιμελεῖσθαι
1077 3124 1133 3184 καὶ
1162 3127 1342 3207 προσέχειν
1370 3123 1466 3204 αύτηῖ

201 3220 259 3279 τόν
288 3227 365 3280 νοῦν
399 3213 465 3302 [καὶ
496 3216 732 3307 φιλοσοφεῖν]·
761 3214 836 3307 ᾔδει
865 3224 927 3308 γάρ
957 3227 1010 3286 ότι
1037 3231 1136 3284 τοῦτο
1165 3219 1339 3309 ζητοῦντες
1363 3222 1464 3287 οὐδὲν

289 3380 356 3442 1τδ
379 3394 474 3442 ποιεῖν
496 3386 527 3441 Μ
549 3381 583 3443 τὸ
610 3380 709 3444 όπύειυ
732 3387 782 3442 UB
886 3393 903 3442 4
925 3383 965 3454 εἷς
988 3388 1018 3445 δέ
1041 3408 1087 3445 τισ
1109 3404 1175 3458 mrg.
1201 3387 1224 3441 T
1248 3387 1363 3456 Reiske,
1387 3389 1416 3446 εί
1432 3390 1463 3447 δέ

203 3486 249 3525 τισ
271 3469 352 3525 UBM
454 3472 505 3527 καί
528 3491 571 3537 τις
593 3471 618 3525 Y
639 3476 688 3528 καὶ
712 3471 815 3537 τοῖςΡ
919 3473 1122 3543 6δέμονοσΡ
1227 3471 1463 3548 ῖμαστηγούμε-

202 3574 248 3611 νοι
266 3555 296 3608 Μ
382 3552 565 3613 όεόειότεσΒ
669 3552 816 3627 αἰδόμενοι
833 3559 859 3613 U
879 3549 1075 3627 όθοόμενοιΡ
1180 3563 1262 3616 8καλ
1280 3553 1463 3633 άτρέμοντεσ

202 3639 233 3692 Μ
250 3631 325 3716 κᾷτα
344 3641 502 3712 τρέμοντεσ
520 3642 543 3695 Β
561 3645 609 3698 καὶ
626 3642 861 3714 κατατρέμοντεσ
878 3643 904 3698 U
999 3639 1055 3700 δύω
1073 3642 1121 3697 ΡΥ
1211 3650 1226 3699 9
1245 3648 1382 3703 παλαίοιν
1399 3650 1461 3716 (pro

201 3725 324 3791 -οιενλΡ
419 3718 470 3784 ότε
487 3723 591 3800 ἐτερυο
608 3727 638 3780 Μ
724 3723 902 3800 καταβάλλω
921 3726 975 3780 ΜΥ
1057 3733 1087 3784 11
1107 3719 1226 3786 ούιωΒ
1310 3730 1364 3785 imo
1382 3723 1462 3804 Ἀθη-

201 3819 279 3868 ναῖοι
298 3811 422 3885 Πέρσαις
493 3816 524 3866 12
543 3811 616 3868 κοτὲ
632 3812 685 3880 μὲν
703 3843 736 3850 -
754 3811 826 3868 ποτε
844 3810 873 3868 δὲ
892 3812 1002 3867 corr.P
1061 3813 1144 3871 scrib.
1163 3815 1246 3886 (καὶ)
1268 3814 1335 3872 τοτε
1352 3815 1407 3884 μέν

202 3896 268 3953 τυόὲ
285 3896 391 3968 πέρσαι
408 3899 433 3954 U
491 3902 524 3952 14
542 3895 658 3954 εἴποτε
676 3896 746 3963 libri,
766 3912 835 3951 corr.
855 3896 973 3951 casaub.
1032 3901 1062 3952 15
1082 3894 1339 3974 άγραμμαιότεροι
1357 3900 1406 3954 ΡΥ

302 3978 309 3999 Q

204 4035 234 4086 16
253 4003 334 4104 nim}
351 4032 490 4109 ναυμαχίη
508 4037 551 4108 τῷ
568 4036 649 4098 (corr.
668 4033 753 4105 τῇλΡ
852 4037 882 4087 17
902 4027 1021 4089 οίδονΡ
1101 4040 1132 4090 18
1151 4041 1246 4101 [τοῦτο
1266 4035 1459 4110 δέ-συμβὲ-

201 4121 281 4188 βηκε]
300 4134 351 4172 nec
370 4119 488 4174 Socratis
507 4124 572 4174 sunt
593 4133 643 4173 nec
661 4117 771 4183 Dionis,
797 4118 958 4187 proscripsit
981 4118 1059 4173 etiam
1079 4118 1196 4174 Cobetus
1302 4124 1333 4175 19
1352 4122 1458 4194 συμβέ-

202 4205 273 4272 βηκε
290 4202 337 4256 ΡΥ
356 4203 564 4276 συμβεβηκέναι
582 4204 684 4258 Reiske
799 4207 831 4257 20
849 4201 1048 4275 ἐπισταμένωσ
1065 4204 1192 4261 UBMPY
1211 4220 1281 4261 corr.
1300 4206 1368 4261 Ven.

202 4277 293 4358 άχρὴ
311 4289 360 4343 UB
430 4292 463 4341 22
482 4280 599 4346 ούτωΒ
679 4293 711 4343 25
730 4281 783 4345 ούκ
800 4285 1011 4357 ἐπισταμένουσ
1028 4289 1075 4343 ΡΥ
1151 4283 1203 4346 ούκ
1221 4284 1374 4363 ὀρχεῖσθαι
1393 4291 1458 4359 (hoc

202 4368 271 4437 ord.)
289 4372 317 4425 M
337 4365 390 4427 ούκ
408 4365 560 4445 ὀρχεῖσθαι
579 4366 632 4430 ούκ
649 4374 698 4429 UB
769 4379 800 4429 27
821 4365 938 4431 ούτωΒ
1025 4378 1189 4446 παρακαλεῖ
1204 4374 1253 4430 UB
1272 4383 1459 4450 παρακαλεῖν

202 4454 249 4508 ΡΥ
319 4460 351 4509 28
369 4459 417 4511 καὶ
436 4463 607 4530 φιλοσοφεῖν
625 4474 677 4513 om.
695 4458 721 4512 Y
739 4458 791 4514 del.
810 4460 954 4528 Emporius
1024 4455 1073 4531 ἤδη
1091 4459 1115 4514 Β
