3068 5160
207 288 269 346 212
676 284 798 341 DIONIS
816 283 996 339 VENATOR

205 483 240 544 γε
264 469 330 523 τῶν
348 463 446 545 ἱερῶν
458 467 579 544 χορῶν,
603 453 679 521 ἀλλ’
705 457 798 541 (οὐκ)
820 462 881 522 έπί
902 479 937 541 γε
953 465 1026 534 τοῖς
1045 460 1209 544 Νιόβηςή
1230 457 1398 519 Θυέστου
1416 459 1478 516 πά·

206 565 307 625 θεσιν
330 553 515 646 βδονταςῆ
541 564 771 645 ὀρχουμένους,
796 559 872 623 ούδέ
888 558 1105 644 κιθαρῳδοὺς
1122 557 1197 622 ούδέ
1223 555 1384 642 αὐλητάς
1402 560 1479 641 περὶ

206 667 298 749 νίκης
320 666 355 726 ἐν
379 665 541 747 θεάτροις
564 661 828 742 ἁμιλλωμένους,
852 665 883 724 εί
904 664 962 724 καί
979 683 1069 737 τινες
1084 669 1150 724 τῶν
1166 657 1317 738 ἐνδόξων
1335 657 1477 722 πόλεων
1489 675 1524 725 llil

206 769 265 829 ἐπί
287 769 421 841 τούτοις
443 771 522 851 ήμῖν
539 762 707 849 δυσχερῶς
725 762 849 842 ἕξουσι,
872 767 1007 847 Σμύρνα
1029 766 1086 826 καί
1101 765 1199 841 Χίος,
1222 764 1281 824 καί
1299 760 1395 848 δῆτα
1422 765 1478 824 σύν

206 871 346 943 ταύταις
369 870 425 930 καί
447 871 484 929 τό
497 859 626 952 Ἄργος,
651 869 697 942 ὡς
719 858 935 952 τήνὉμήρου
958 887 994 928 τε
1016 868 1072 928 καί
1090 856 1346 948 Ἀγαμέμνονος
1375 861 1506 941 δόξανί

130 975 189 1036 120
208 961 266 1031 ούκ
288 972 421 1031 ἐώντων
445 966 613 1046 αύξεσθαι
635 972 673 1031 τό
697 976 775 1051 γοῦν
798 961 856 1053 ἐφ’
887 973 983 1053 ήμῖν’
1014 971 1112 1048 τυχὸν
1142 965 1178 1029 δέ
1207 968 1263 1029 καί
1284 959 1480 1052 Ἀθηναῖοι

203 1068 470 1151 χαλεπανοῦσιν,
505 1066 735 1150 ἀτιμάζεσθαι
767 1065 959 1150 νομίζοντες
991 1073 1070 1144 τούς
1105 1072 1292 1154 σφετέρους
1323 1071 1481 1154 ποιητάς

206 1176 383 1258 τραγικούς
404 1176 461 1236 καί
481 1176 663 1253 κωμικούς,
687 1175 767 1234 όταν
790 1175 869 1246 τούς
891 1174 1062 1256 ὑπηρέτας
1085 1162 1195 1232 αὐτῶν
1218 1171 1478 1255 ἀφαιρώμεθα,

206 1272 310 1358 μηδὲν
326 1276 459 1357 ἀγαθὸν
483 1278 670 1360 φάσκοντες
692 1271 914 1358 ἐπιτηδεύειν.
953 1275 1042 1348 είκδς
1059 1270 1094 1335 δέ
1113 1274 1313 1355 ἀγανακτεῖν
1330 1275 1395 1334 καὶ
1415 1272 1480 1357 Θη-

207 1377 341 1456 βαίους,
372 1378 418 1450 ώς
448 1385 506 1461 τῆς
536 1378 628 1461 νίκης
657 1365 768 1437 αὐτῶν
790 1371 1024 1460 ὑβριζομένης,
1053 1375 1093 1458 ήν
1117 1374 1386 1458 προεκρίθησαν
1411 1377 1478 1436 ύπύ
1499 1387 1515 1436 ll

132 1482 189 1544 121
208 1486 267 1562 τῆς
279 1469 435 1551 Ἑλλάδος
450 1485 544 1539 νικᾶν
559 1467 617 1539 ἐπ)
645 1469 804 1562 αὐλητικῇ
814 1492 819 1504 ·
843 1480 967 1561 ταύτην
983 1474 1019 1538 δέ
1035 1478 1094 1561 τήν
1110 1477 1202 1560 νίκην
1219 1476 1308 1536 ούτω
1336 1474 1479 1562 σφόδρα

208 1581 403 1662 ήγάπησαν,
434 1581 520 1641 ὥστε
544 1581 733 1641 ἀναστάτου
755 1586 814 1663 τῆς
838 1575 971 1653 πόλειος
1000 1569 1116 1652 αὐτοῖς
1137 1581 1319 1661 γενομένης
1342 1581 1408 1642 καί
1431 1581 1480 1640 ἐτι

208 1688 265 1741 νῦν
286 1678 402 1760 σχεδόν
426 1681 528 1766 ούσης
555 1678 642 1767 πλήν
664 1688 786 1764 μικροῦ
806 1685 937 1764 μέρους,
961 1687 1020 1764 τῆς
1037 1676 1212 1758 Καδμείας
1235 1671 1478 1766 [οῖκουμένηςή

208 1789 275 1843 τῶν
296 1784 357 1863 μέν
380 1780 491 1845 ἀλλων
515 1773 650 1858 ούδενδς
673 1786 878 1868 ἐφρόντισαν
900 1789 966 1842 τῶν
982 1786 1220 1867 ἠφανισμένων
1235 1781 1307 1844 ἀπὸ
1334 1782 1478 1847 πολλῶν

208 1886 269 1963 μέν
293 1886 401 1968 ἱερῶν,
426 1882 561 1947 πολλῶν
584 1883 620 1948 δέ
645 1882 775 1970 στηλῶν
796 1887 852 1946 καί
874 1886 1085 1968 ἐπιγραφῶν,
1107 1885 1165 1944 τόν
1190 1880 1225 1944 δέ
1244 1875 1371 1970 Ἑρμῆν
1398 1887 1477 1947 ἀνα·
1496 1897 1514 1946 ll

207 1981 409 2072 ζητήσαντες
431 1985 534 2050 πάλιν
559 1989 788 2071 ἀνώρθωσαν,
816 1978 875 2071 ἐφ’
908 1977 935 2068 ᾦ
962 1982 1002 2069 ήν
1031 1988 1069 2046 τό
1102 1987 1299 2069 ἐπίγραμμα
1328 1988 1370 2047 τδ
1399 1989 1477 2070 περὶ

207 2097 266 2173 τῆς
289 2080 479 2175 αύλητικής,

388 2183 501 2264 Ἑλλάς
523 2192 584 2269 μέν
610 2190 725 2275 Θήβας
748 2198 841 2252 νικᾶν
866 2193 1062 2274 προέκρινεν
1086 2191 1121 2249 ἐν
1145 2180 1277 2262 αύλοῖς·

203 2341 206 2347 .
292 2293 348 2354 καί
360 2299 415 2352 νύν
428 2293 487 2352 ἐπί
497 2296 603 2374 μέσης
615 2301 674 2376 της
686 2293 828 2376 ἀρχαίας
840 2292 964 2374 ἀγοράς
976 2291 1010 2352 ἐν
1023 2298 1122 2351 τούτο
1135 2287 1269 2372 ἄγαλμα
1281 2292 1431 2376 ἕστηκεν
1443 2295 1476 2352 ἐν

130 2397 189 2460 122
205 2398 278 2468 τοῖς
294 2394 478 2476 ἐρειπίοις·
496 2384 535 2452 ού
552 2390 590 2477 δή
609 2393 821 2476 φοβηθέντες
838 2381 957 2453 ούδένα
973 2395 1102 2454 τούτων
1119 2385 1196 2454 ούδέ
1212 2394 1292 2466 τούς
1309 2395 1475 2479 ἐπιτιμή-
1495 2405 1516 2455 ll

206 2513 327 2569 οοντας
338 2499 426 2577 ήμῖν,
441 2496 486 2568 ὡς
498 2494 539 2554 τά
554 2491 810 2555 σπουδαιότατα
823 2495 916 2577 παρά
930 2486 1144 2579 τοῖςἝλληοι
1155 2499 1318 2576 ψέγομεν,
1332 2497 1475 2559 ἅπαντα

204 2598 245 2659 τά
259 2603 399 2659 τοιαῦτα
411 2588 469 2657 οὐκ
482 2593 674 2680 αἰδημόνων
688 2587 764 2657 ούδέ
778 2592 966 2678 ἐλευθέρων
980 2597 1176 2680 ἀνθρώπων
1189 2596 1475 2681 ἀποφαινόμενοι

205 2701 294 2784 ἔργα,
319 2701 365 2774 ὡς
388 2695 473 2759 ἀλλα
496 2718 532 2759 τε
556 2694 666 2758 πολλά
687 2695 826 2782 δυσχερῆ
845 2700 1029 2782 πρόσεστιν
1046 2689 1233 2772 αὐτοῖςκαὶ
1250 2695 1288 2783 δή
1306 2704 1473 2782 μέγιστον

205 2804 243 2863 τὸ
267 2810 326 2886 τῆς
349 2797 533 2875 ἀναιδείας,
557 2801 594 2860 τό
618 2795 745 2878 μᾶλλον
768 2807 830 2860 τού
851 2797 986 2875 δέοντος
1008 2804 1145 2886 φρονεῖν
1167 2801 1225 2861 τδν
1249 2797 1361 2879 όχλον,
1382 2804 1469 2886 ὅπερ

131 2906 190 2969 123
208 2895 386 2986 [μέγιστον]
402 2901 645 2985 θρασύνεσθαι
660 2897 772 2962 καλεῖν
790 2903 984 2987 ὀρθότερον.
1088 2902 1204 2963 ούκουν
1222 2895 1299 2964 ούδέ
1324 2906 1474 2990 κήρυκας
1494 2915 1516 2965 ii

207 3005 315 3065 ώνίων
340 2995 417 3064 οὐδὲ
439 3000 576 3064 κλοπῶν
597 3003 616 3086 ή
641 2999 800 3086 δρασμῶν
822 3005 971 3088 μήνυτρα
995 3005 1226 3088 προτιθέντας
1248 3006 1284 3066 ἐν
1301 3003 1403 3081 δδοῖς
1417 3010 1474 3071 καί

206 3109 240 3167 ἐν
264 3102 369 3188 ἀγορᾷ
395 3106 648 3189 φθεγγομένους
670 3104 755 3183 μετά
779 3101 906 3190 πολλής
922 3101 1129 3189 ἐλευθερίας,
1154 3098 1231 3168 ούδὲ
1249 3105 1474 3187 συμβολαίων

206 3209 262 3268 καί
284 3203 502 3292 προκλήσεων
524 3208 581 3268 καί
607 3202 759 3267 καθόλου
788 3213 855 3267 τῶν
879 3209 958 3291 περί
981 3203 1075 3281 δίκας
1097 3210 1153 3269 καί
1175 3205 1370 3293 ἐγκλήματα
1396 3229 1474 3295 συγ-

205 3313 357 3392 γραφεῖς,
382 3313 700 3392 προσποιουμένους
715 3311 857 3387 νόμιμον
873 3310 1063 3392 ἐμπειρίαν,
1087 3301 1164 3371 ούδέ
1182 3310 1319 3384 αύτούς
1337 3317 1475 3399 σοφούς

205 3412 312 3472 τεκαὶ
328 3407 459 3485 δεινούς
475 3408 702 3496 δικορράφους
718 3412 824 3472 τεκαὶ
848 3413 1059 3495 συνηγόρους,
1082 3412 1216 3490 μισθοῖ
1238 3419 1349 3477 πᾶσιν
1375 3418 1475 3496 ὁμοί·
1494 3425 1518 3474 30

220 3698 224 3702 -
295 3669 579 3732 1ούκοδδ.11εἰιΙιο
664 3695 698 3746 γε
721 3679 775 3745 τῆο
792 3674 839 3728 ΡΥ
926 3671 1179 3749 2κιοαρῳδοὺσή
1205 3669 1334 3747 αύλητδισ
1353 3678 1403 3734 ΡΥ

207 3754 491 3829 θάμιλλομένουοΡ
561 3756 692 3829 4ἐχουσι
710 3759 756 3812 ΡΥ
831 3763 896 3814 ὅτε
915 3759 1012 3814 om.U
1092 3756 1279 3816 ύέύννωνῦ
1352 3768 1476 3835 ῖχαλε·

205 3847 357 3900 παίνουοιν
374 3844 451 3898 PYM
505 3847 519 3896 8
538 3848 601 3896 ante
619 3838 777 3915 τραγικούσ
795 3842 952 3909 agnoscitur
969 3846 1018 3898 καί
1035 3844 1086 3898 sub
1106 3861 1160 3900 ras.
1179 3845 1241 3899 inP
1311 3851 1363 3903 καὶ
1382 3870 1474 3919 κωμι-

204 3923 278 3985 κοὺο
295 3944 362 3995 mrg.
380 3928 402 3981 P
474 3933 504 3981 10
522 3922 595 3999 ὑπὲρ
613 3931 666 3998 τῆο
683 3926 754 3991 libri,
773 3943 841 3981 corr.
855 3927 956 3982 Reiske
974 3944 1008 3981 ex
1025 3928 1140 3998 Interpr.
1204 3935 1233 3984 12
1252 3923 1350 3987 αὐτῶν
1369 3934 1420 3988 ΡΥ

207 4018 239 4068 13
257 4015 382 4082 καόμίαο
395 4012 462 4075 UM;
482 4011 648 4083 οἰκουμένης
666 4010 778 4065 seclusit
791 4011 853 4066 Wil.
910 4016 939 4068 18
958 4013 1130 4086 προέκρινεν
1142 4009 1244 4072 αύλοῖο
1256 4019 1318 4080 (om.
1331 4014 1376 4083 έν)
1391 4020 1474 4075 ΡΥΜ

204 4093 378 4170 προύκρινεν
396 4089 498 4154 αύλοῐσ
511 4096 559 4152 UB
572 4111 641 4151 corr.
655 4095 772 4150 (iassab.
843 4101 875 4151 20
894 4099 1082 4170 φοβηθένταο
1095 4099 1172 4154 UBM
1242 4097 1473 4174 ἐπιτιμηθένταο

203 4182 275 4248 libri,
293 4197 363 4236 corr.
377 4181 477 4236 Reiske
541 4184 571 4234 21
592 4175 627 4238 τά
640 4176 719 4253 παρά
732 4190 797 4238 τοῖο
810 4181 858 4237 UB
928 4178 1076 4255 ἐλληοινὶ]
1146 4180 1294 4255 ψεγόμενα
1307 4182 1408 4246 πάντα
1422 4191 1473 4245 ΡΥ

204 4263 363 4338 (ψυχόμενα
384 4268 463 4321 etiam
475 4267 509 4332 Β)
579 4269 610 4319 23
630 4261 702 4323 ἀλλα
721 4286 753 4338 γε
765 4265 834 4331 libri,
854 4283 922 4323 corr.
942 4269 1042 4324 Reiske
1112 4272 1144 4322 24
1157 4278 1276 4341 φρονεῖν
1287 4278 1472 4344 corruptum

132 4334 144 4361 ‘
204 4351 267 4404 fort.
281 4355 404 4422 θαρρεῖν
456 4355 488 4405 25
501 4349 638 4422 μέγιστον
650 4351 760 4407 seclusit
772 4350 872 4406 Reiske
925 4357 957 4407 26
968 4350 1099 4427 μήνυθρα
1112 4354 1161 4410 UB
1213 4356 1410 4427 κροτιθέντεσ
1423 4360 1474 4414 ΡΥ

205 4434 414 4506 προοτιθέντεσ
432 4436 462 4489 Μ
532 4440 562 4488 21
583 4431 737 4508 συμβόλων
753 4435 823 4500 libri,
844 4452 914 4491 corr.
934 4437 1014 4507 Emp.
1085 4443 1117 4493 30
1136 4431 1375 4511 δικογράφουοΒ
