3068 5160
170 301 215 360 ’42
637 297 757 353 DIONIS
774 295 826 351 Db
842 294 970 350 REGNO

176 468 327 559 δυνατή],
356 475 529 558 τυραννίς,
558 474 633 546 ἐνδς
661 472 757 556 ύβρει
781 473 837 533 καί
865 471 925 553 βίᾳ
954 478 1015 531 τού
1041 469 1200 530 κακίστου
1230 475 1301 530 τῶν
1327 464 1440 529 ἀλλων

176 574 434 656 ἀπολλυμένων·
461 580 480 660 ή
512 571 548 635 δέ
577 562 654 653 μετ’
685 574 812 657 ἐκείνην
847 569 1036 656 ὀλιγαρχία,
1072 567 1197 656 σκληρά
1226 571 1290 632 καί
1321 567 1440 644 ἄδικος

177 674 355 754 πλεονεξία
379 675 552 738 πλουσίων
575 683 675 738 τινῶν
697 678 753 738 καί
776 682 932 761 πονηρῶν
956 671 1077 754 ὀλίγων
1099 674 1159 735 ἐπὶ
1180 674 1263 746 τούς
1286 668 1440 747 πολλούς

125 786 165 848 49
176 783 231 843 καὶ
260 782 411 864 ἀπόρους
442 785 609 840 συστᾶσα·
638 783 657 863 ή
689 775 724 839 δέ
753 775 829 864 ἑξής
856 773 992 860 ποικίλη
1022 777 1079 838 καί
1107 771 1316 859 παντοδαπή
1350 775 1439 860 φορά

177 880 334 967 πλήθους
358 878 454 942 οὐδέν
476 877 607 954 είδότος
630 877 758 956 ἁπλῶς,
782 883 1029 964 ταραττομένου
1047 875 1082 939 δέ
1104 877 1228 940 ἀείκαὶ
1244 877 1441 961 ἀγριαίνον-
1459 891 1470 938 5

176 1005 234 1059 τος
248 986 316 1045 ὑπὸ
329 980 525 1045 ἀκολάστων
541 979 757 1066 δημαγιογῶν,
776 983 891 1065 ὥσπερ
902 978 1070 1054 κλύδωνος
1082 981 1199 1065 ἀγρίου
1211 981 1272 1042 καί
1284 977 1443 1059 χαλεποῦ

177 1089 243 1148 ὑπὸ
267 1088 398 1166 ἀνέμων
431 1081 581 1168 σκληρῶν
608 1080 911 1164 μεταβαλλομένου.
956 1084 1084 1144 τούτων
1111 1084 1173 1162 μέν
1203 1082 1264 1144 οδν
1293 1085 1313 1144 ύ
1346 1081 1443 1165 λόγος

177 1185 288 1261 άλλως
309 1188 521 1271 ἐπεμνήσθη,
545 1183 656 1247 πολλοὶ
680 1186 872 1270 παθήματα
894 1187 950 1247 καί
974 1185 1150 1269 συμφοράς
1165 1185 1315 1268 ἑκάστης
1332 1185 1443 1246 αὐτῶν

126 1294 165 1354 50
177 1292 212 1351 ἐκ
235 1296 296 1350 τοῦ
318 1292 483 1372 πρότερον
504 1290 625 1371 χρόνου
650 1284 759 1363 δεῖξαι
782 1285 980 1367 δυνάμενος·
1005 1289 1084 1370 περὶ
1107 1283 1142 1347 δέ
1158 1294 1217 1371 τῆς
1232 1283 1443 1365 εὐδαίμονός

177 1413 212 1453 τε
234 1393 290 1452 καὶ
312 1391 414 1463 θείας
436 1392 676 1463 καταστάσεως
698 1398 757 1474 τῆς
773 1398 829 1451 νῦν
844 1391 1092 1473 ἐπικρατούσης
1111 1389 1171 1472 χρή
1190 1384 1354 1450 διελθεῖν
1371 1390 1443 1450 ἐπι·
1460 1399 1479 1448 li

176 1489 386 1575 μελέστερον.
432 1488 558 1553 πολλαὶ
585 1493 646 1570 μὲν
670 1490 727 1552 ούν
756 1493 881 1565 εἰκόνες
907 1493 1057 1575 ἐναργεῖς
1085 1491 1142 1551 καὶ
1170 1487 1441 1574 παραδείγματα

178 1595 236 1654 ούκ
258 1590 390 1677 ἀμυδρά
412 1589 514 1678 τῆσδε
536 1601 595 1678 τής
619 1593 730 1678 ἀρχῆς,
755 1595 790 1654 ἔν
812 1614 848 1654 τε
871 1589 1007 1674 ἀγέλαις
1021 1594 1077 1654 καὶ
1094 1593 1235 1676 σμήνεσι
1252 1588 1440 1676 διασημαι-

178 1698 300 1781 νούσης
321 1704 381 1781 τής
405 1697 540 1780 φύσεως
562 1697 622 1780 τήν
643 1696 728 1756 κατά
753 1698 856 1780 φύσιν
878 1703 940 1756 τοῦ
956 1696 1146 1779 κρείττονος
1161 1700 1229 1754 τῶν
1245 1690 1440 1755 ἐλαττόνων

178 1799 280 1884 ἀρχήν
300 1800 357 1860 καί
379 1801 559 1881 πρόνοιαν·
585 1799 622 1858 ού
638 1801 703 1884 μήν
721 1801 954 1884 φανερώτερον
975 1795 1051 1859 οάδέ
1068 1793 1206 1858 κάλλιον
1221 1798 1345 1880 ἕτερον
1368 1789 1441 1877 <ἀν>

177 1905 307 1982 γένοιτο
331 1907 390 1985 τῆς
412 1908 474 1962 τοῦ
495 1902 624 1974 παντδς
638 1902 828 1986 ήγεμονίας,
852 1901 955 1984 ήύπδ
972 1898 1019 1981 τη]
1036 1901 1161 1982 πρώτῳ
1182 1900 1296 1960 τεκαὶ
1312 1899 1439 1982 ἀρίστῳ
1459 1909 1477 1958 b

177 2000 251 2085 θεη]
273 1998 404 2063 **ΤΑ
425 2004 535 2064 ΠΕΡΙ
558 2002 652 2065 ΤΟΥ
671 2002 784 2065 ΔΙΟΣ

127 2111 164 2169 51
263 2111 418 2177 τοιοῦτος
449 2101 484 2165 δέ
514 2107 561 2167 ὢν
591 2113 728 2190 πρῶτον
756 2111 817 2185 μέν
845 2107 920 2167 ἐστι
947 2099 1133 2188 θεοφιλής,
1164 2103 1224 2162 άτε
1251 2109 1318 2186 τῆς
1348 2101 1486 2182 μεγί-αω

179 2222 260 2289 στης
288 2208 456 2286 τυγχάνων
486 2208 579 2290 παρὰ
607 2209 701 2270 θεῶν
730 2217 829 2293 τιμής
856 2208 912 2267 καί
944 2207 1103 2278 πίστεως.
1154 2204 1211 2264 καὶ
1239 2205 1384 2286 πρῶτόν
1404 2220 1437 2282 γε

176 2309 233 2369 καὶ
260 2304 409 2386 μάλιστα
437 2309 651 2391 θεραπεύσει
679 2311 717 2369 τό
747 2310 862 2385 θεῖον,
899 2309 957 2386 ούχ
986 2304 1158 2387 ὁμολογῶν
1191 2307 1317 2384 μόνον,
1355 2300 1437 2366 ἀλλὰ

177 2411 233 2472 καί
261 2413 491 2488 πεπεισμένος
519 2409 608 2472 εἶναι
638 2411 758 2484 θεούς,
789 2412 843 2471 ἵνα
874 2407 912 2495 δή
942 2412 999 2472 καὶ
1028 2410 1129 2482 αύτδς
1157 2408 1213 2489 ἔχη
1250 2408 1335 2481 τούς
1362 2396 1477 2468 κατ’ίο

128 2517 168 2578 52
179 2508 277 2588 ἀξίαν
300 2513 472 2595 ἀρχοντας.
517 2516 650 2596 ήγεῐται
673 2509 708 2573 δέ
732 2517 805 2586 τοῖς
823 2508 940 2585 ἀλλοις
955 2513 1159 2595 ἀνθρώποις
1176 2513 1366 2594 συμφέρειν
1381 2509 1436 2593 τήν

180 2616 284 2676 αὑτοῦ
304 2616 470 2698 πρόνοιαν
486 2615 593 2688 ούτως
616 2616 662 2688 ὡς
684 2612 774 2694 αύτῷ
790 2615 849 2699 τήν
872 2615 1006 2675 ἐκείνων
1022 2615 1133 2698 ἀρχήν.
1177 2613 1234 2673 καὶ
1248 2613 1317 2697 μήν
1333 2613 1435 2674 ἐκεῖνο

178 2709 286 2794 ἐαυτῷ
318 2712 478 2790 συνειδὼς
508 2718 554 2790 ὡς
583 2717 707 2778 ούποτε
737 2713 845 2801 δῶρον
875 2713 1007 2792 δέξεται
1035 2715 1129 2800 παρὰ
1157 2720 1267 2775 κακῶν
1296 2710 1435 2798 ἀνδρῶν,

179 2812 255 2876 ούδέ
279 2818 358 2890 τούς
379 2818 485 2892 θεούς
507 2819 727 2903 ἀναθήμασιν
751 2816 826 2880 ούδέ
842 2819 986 2893 θυσίαις
1004 2817 1113 2880 οἴεται
1132 2818 1264 2900 χαίρειν
1280 2823 1350 2878 τῶν
1365 2813 1435 2877 ἀδί-

178 2937 244 2977 κων
262 2912 427 3001 [dccccvi
445 2921 539 3004 παρά
555 2923 667 2999 μόνων
684 2918 719 2981 δέ
736 2928 802 2982 τῶν
818 2922 960 3002 ἀγαθῶν
976 2920 1190 3004 προσίεσθαι
1204 2919 1246 2980 τὰ
1263 2915 1434 2999 διδόμενα.
1454 2927 1474 2977 b

179 3027 357 3102 τοιγαροῦν
385 3021 593 3105 θεραπεύειν
622 3024 788 3107 ἀφθόνως
818 3024 939 3098 αύτούς
974 3019 1164 3084 σπουδάσει
1195 3023 1253 3083 καὶ
1284 3023 1434 3095 τούτοις·

180 3119 320 3192 ἐκείνοις
342 3139 378 3201 γε
400 3123 465 3206 μήν
489 3119 652 3184 οὐδέποτε
676 3127 845 3186 παύσεται
867 3133 983 3205 τιμῶν,
1006 3129 1079 3199 τοῖς
1104 3120 1221 3198 καλοῖς
1244 3123 1359 3208 ἔργοις
1383 3123 1435 3184 καὶ

267 3290 279 3337 1
298 3288 435 3358 δυνατῆΡ
453 3293 556 3362 δυνατή
573 3311 605 3348 τε
623 3293 647 3348 V
665 3289 846 3365 δυνατωτάτη
860 3294 909 3349 UB
961 3313 993 3350 τε
1008 3323 1041 3332 -
1054 3294 1158 3364 δυνατή
1175 3292 1276 3348 seclusi
1292 3289 1435 3347 ridiculum

179 3369 382 3439 interpolatoris
404 3374 616 3430 additamentum
723 3382 740 3431 4
758 3382 887 3436 συστᾶσα
904 3378 926 3431 Ρ
945 3374 1080 3444 σύστασις
1098 3378 1181 3432 ceteri
1283 3369 1312 3433 δ’
1330 3376 1353 3430 Ρ

179 3456 353 3528 ποικίλληῑί
421 3463 503 3517 ύκαί
520 3465 698 3535 δημαγωγῶν
714 3463 740 3519 V
757 3463 991 3536 ααιδαγωγῶνῐ]
1060 3460 1375 3537 Ἰμεταβαλομένουλ1

179 3533 562 3618 8ἀ1λ’ἀσδπεμνήοθηΡ
614 3548 793 3622 9προτέρου
810 3547 859 3604 UB
912 3547 1068 3618 δυναμένου
1084 3549 1111 3604 V
1173 3540 1362 3616 εύδαιμονίασ
1377 3544 1434 3613 VP5

178 3627 266 3693 possit
282 3627 364 3682 eticm
381 3629 476 3684 scribi:
495 3626 690 3704 εὐδαιμονικῆς
760 3639 789 3688 11
803 3631 928 3705 ἐναργῆσ
940 3634 966 3688 U
1019 3637 1051 3688 12
1069 3629 1204 3705 σμήνεσιν
1215 3633 1263 3689 VP
1276 3637 1316 3698 (ct
1328 3647 1399 3688 corr.
1415 3650 1435 3700 μ

178 3710 207 3763 in
223 3732 242 3766 κ
259 3716 337 3778 mut.)
416 3713 657 3789 ἐπισημαινούσησ
674 3718 723 3772 UB
811 3724 843 3773 14
861 3714 898 3776 ἀν
915 3719 993 3772 abest
1010 3733 1027 3772 c
1044 3718 1130 3785 libris,
1148 3720 1212 3788 post
1229 3713 1435 3790 φανερώτερον

179 3795 295 3850 addebat
312 3797 414 3852 Jacobs
528 3805 558 3853 15
576 3795 750 3872 ήγεμονείασ
768 3804 792 3858 V
898 3809 927 3858 16
945 3807 1007 3879 θεῷ
1024 3798 1060 3859 τά
1079 3807 1144 3876 περὶ
1162 3807 1215 3860 τοῦ
1232 3799 1297 3860 διὸσ
1314 3802 1363 3857 VP
1380 3799 1434 3868 (εεδ

178 3881 203 3935 V
220 3882 379 3937 accentibus
397 3883 453 3936 iere
470 3888 554 3950 cccci)
572 3891 633 3961 θεῷ
650 3884 844 3965 cccccccccc]
862 3888 912 3946 Διί·
924 3889 975 3944 UB
993 3887 1028 3943 cf.
1047 3887 1133 3956 praef.
1192 3894 1224 3943 11
1243 3884 1392 3962 ’τοσοῦτοσ
1407 3885 1435 3942 ci

177 3965 250 4031 libri,
262 3982 333 4022 corr.
346 3966 454 4022 Reiskc.
483 3969 555 4025 Ante
567 3976 701 4038 τοιοῦτος
712 3974 771 4028 hiat
782 3975 977 4028 sententiarum
990 3989 1109 4028 conexus
1166 3979 1195 4029 18
1209 3995 1240 4032 τε
1252 3991 1303 4043 pro
1315 3972 1387 4047 γεΥ

181 4056 211 4106 19
229 4050 402 4127 θεραπεύειν
419 4054 468 4108 UB
521 4048 556 4113 ού
572 4053 666 4126 μόνον
677 4059 726 4114 UB
780 4062 812 4112 20
830 4056 892 4130 ἔχοι
903 4058 978 4113 UBV
1031 4062 1060 4111 21
1081 4054 1216 4130 ήγεῑτοῗ
1234 4056 1386 4130 νομίσειΡ

179 4141 212 4190 22
229 4136 344 4195 ἐκεῖνοσ
361 4138 383 4192 Ρ
487 4143 519 4194 23
537 4145 597 4197 τῶν
613 4147 712 4199 κακῶν
728 4144 754 4199 U
772 4147 840 4210 (τῶν
863 4159 880 4198 c
898 4145 1052 4198 correctore
1069 4157 1123 4198 rec.
1142 4143 1216 4210 cdd.)
1320 4149 1355 4199 24
1373 4135 1435 4201 ούδέ

179 4219 411 4294 τοὺς-ἀνδρῶν
422 4226 559 4282 cm.Um.
572 4244 614 4297 pr.
628 4233 703 4296 (mrg.
716 4248 761 4301 γρ.
775 4221 1006 4294 οὐδὲ-ἀδίκων)
1059 4232 1091 4282 25
1104 4221 1218 4301 ἀνδρῶν
1230 4229 1332 4284 seclusi
1383 4229 1434 4285 τία-

180 4303 311 4380 ράνομον
328 4309 358 4366 δὲ
374 4312 434 4365 τῶν
451 4311 526 4367 UBV
544 4313 598 4376 (bic
615 4314 773 4368 accentibus
791 4317 875 4379 caret)
927 4315 1006 4370 θεῶν
1023 4329 1074 4382 pro
1092 4307 1214 4385 ἀγαθῶν
1230 4314 1308 4371 UBV
1360 4318 1434 4372 δεδο·

178 4390 332 4460 μέναίἰοά,
345 4409 415 4448 corr.
428 4395 493 4451 Wil.
547 4400 579 4452 26
592 4395 747 4470 θεραπεύει
760 4399 809 4454 UB
862 4395 1017 4456 σπουδάσει
1029 4414 1080 4452 om.
1093 4397 1168 4454 UBV
1219 4399 1385 4456 τούτουοῩ

180 4479 211 4528 21
229 4472 359 4534 ἐκείνουσ
375 4498 409 4548 γε
426 4479 501 4533 UBV
