3068 5160
128 335 167 389 Vl
617 329 907 386 Psonneonffirrs.

128 506 293 592 plerisque
315 505 393 570 viris
416 502 519 570 doetis
540 501 685 588 probata,
709 502 789 569 satis
811 501 872 567 erit
893 520 1000 587 pauoa
1022 501 1173 586 exempla
1195 502 1344 586 posuisse
1364 509 1397 568 et

127 625 305 674 eonsensus
328 610 361 671 et
385 603 552 671 dissensus
574 602 730 669 eodieum.

215 711 247 786 a)
276 707 354 773 Looi
384 726 426 773 ex
454 726 499 771 or.
528 706 545 771 I
572 704 628 772 ubi
656 706 688 770 M
717 705 804 770 solus
834 724 874 770 ex
909 704 1025 770 oeteris
1059 705 1192 771 exhibet
1221 704 1395 771 eodieisV

128 812 315 877 leotionem:
339 813 357 886 ξ
380 812 409 888 9,
423 812 442 871 2
465 827 527 872 om.
541 811 599 872 καὶ
613 812 688 873 ante
704 810 816 871 πόθεν
835 810 883 887 14,
896 809 916 869 2
933 809 1060 887 ὁμοίως
1075 826 1127 872 om
1141 807 1180 890 V,
1204 806 1291 874 unde
1306 813 1396 895 πρὸς

128 911 336 996 interpolavit
357 911 390 974 M
412 914 499 992 25‚5
522 909 731 993 τῷγε-βιοῦν
754 927 806 972 om
828 905 866 989 V,
890 927 970 989 mrg.
994 907 1070 974 add.
1092 910 1136 975 M.
1159 913 1246 992 42,2
1271 913 1395 974 ὁποῖόν

130 1038 165 1079 τε
189 1017 257 1099 (pro
279 1015 327 1098 γε)
351 1016 439 1095 42‚4
462 1019 493 1076 ἵν
516 1010 546 1075 V
569 1015 600 1074 ἱν
622 1011 655 1075 Μ
676 1011 745 1094 (pro
768 1014 815 1088 ἐν)
838 1013 888 1092 43,
908 1014 926 1073 5
948 1008 1052 1092 μείζω
1069 1014 1153 1093 55,2
1170 1011 1206 1075 ἀε
1222 1031 1280 1094 pro
1296 1011 1396 1075 τόνδε

131 1120 215 1200 57,3
237 1139 274 1181 τε
295 1113 324 1179 V
346 1137 401 1178 τοι
423 1114 456 1178 Μ
474 1135 559 1178 ποτε
582 1113 779 1194 oeteri59‚2
796 1111 880 1175 otte
897 1131 949 1176 om
964 1111 1002 1195 V,
1026 1114 1187 1178 aeorr.M
1203 1117 1286 1195 oo,9
1304 1113 1395 1176 πολύ
1423 1090 1439 1153 3¹

130 1243 166 1284 τε
190 1222 274 1300 67,4
297 1216 443 1280 πλατεια
472 1213 502 1278 V
532 1214 677 1278 πλατεῖα
706 1214 739 1278 Μ
768 1216 849 1298 83,1
883 1217 1017 1278 ἐθεᾶτο.
1063 1214 1125 1280 Ηίο
1153 1215 1253 1298 igitur
1282 1219 1397 1279 eontra

131 1326 255 1387 eeteros
277 1336 450 1384 eonsensus
472 1315 537 1382 nisi
559 1334 601 1381 ex
624 1315 783 1380 oommuni
806 1314 931 1398 origine
954 1315 1113 1400 explioari
1135 1337 1200 1382 non
1221 1321 1337 1400 potest.

216 1422 250 1499 b)
282 1421 361 1486 Looi
390 1439 431 1486 ex
461 1417 545 1484 or.I
574 1415 629 1482 ubi
658 1417 740 1482 vitia
768 1415 889 1483 oodieis
918 1416 947 1481 V
975 1418 1108 1502 propria
1136 1419 1177 1485 ab
1200 1419 1234 1484 M
1259 1419 1396 1486 absunt:

132 1529 150 1602 ξ
177 1528 224 1605 12,
242 1527 261 1588 2
286 1534 434 1611 σκῆπτον
460 1525 508 1604 13,
526 1525 544 1585 5
569 1526 797 1606 προσέχοντος
822 1524 871 1602 15,
889 1524 908 1583 4
923 1523 1048 1606 ἐκείνην
1065 1524 1114 1602 15,
1128 1526 1147 1585 5
1163 1525 1238 1585 ἐστι
1254 1521 1290 1585 ds
1306 1525 1360 1604 20,
1377 1526 1397 1587 6

134 1625 212 1689 ἱλεω
236 1627 319 1706 27,3
342 1629 495 1707 τυγχάνει
519 1625 610 1701 (eorr.
633 1623 667 1709 η)
692 1624 776 1700 39,2
799 1625 950 1708 ἑταίρους
972 1626 1022 1704 40,
1037 1625 1056 1685 2
1071 1621 1294 1708 κηάαιμονίαν
1310 1628 1397 1705 47,4

133 1726 233 1807 ζῶντι
252 1725 256 1808 l
277 1717 464 1811 τεθνηότιν’
487 1721 492 1806 Ι
512 1727 704 1807 ἑψιοωνται
727 1727 746 1788 6
766 1727 951 1811 φορεάουσι
967 1727 1050 1806 49,3
1073 1727 1195 1801 ἄτονος
1212 1728 1293 1806 50,3
1311 1725 1396 1812 πλή-

134 1849 214 1916 στην
227 1833 278 1909 51,
292 1832 306 1890 1
322 1830 535 1913 ἀφηκόμενος
548 1828 598 1906 60,
614 1830 628 1890 1
644 1845 695 1890 om
707 1834 774 1889 τῶν
786 1829 863 1890 ante
874 1829 947 1889 ἐκεῖ
954 1829 1004 1908 61,
1020 1830 1034 1889 1
1048 1823 1103 1912 ἦιν
1115 1828 1167 1903 63,
1180 1831 1199 1890 2
1217 1831 1398 1913 στρατείας

133 1933 211 2011 72‚3
225 1930 453 1992 εὐθενούντων
462 1930 512 2008 75,
523 1931 541 1991 3
551 1930 658 2003 οὕτως
671 1926 961 2013 7πράξασθαι79,
971 1930 989 1990 5
998 1930 1171 2014 ἐσήρει84,
1181 1930 1199 1993 8
1209 1932 1398 2014 ἀνημέρους

133 2034 342 2117 ἀνθρώπους
363 2033 420 2094 καὶ
442 2033 622 2115 πονηρούς.
660 2028 751 2094 Haeo
766 2027 919 2093 Vatioani
940 2029 1023 2095 vitia
1044 2048 1065 2094 a
1086 2027 1220 2094 librario
1235 2030 1268 2094 M
1289 2031 1399 2095 omnia

132 2137 276 2198 eorreota
298 2150 379 2214 esse,
402 2129 571 2215 probabile
593 2149 658 2194 non
680 2134 738 2196 est.
776 2127 842 2196 Sed
864 2129 1017 2213 graviora
1039 2128 1200 2215 quaedam
1221 2131 1335 2215 aooipe
1356 2151 1398 2197 ex

133 2233 249 2300 eeteris
277 2231 476 2299 orationibus
501 2231 664 2314 subleota;
693 2236 768 2297 sunt
794 2238 904 2297 autem
925 2232 1114 2300 omissiones
1136 2233 1204 2300 fere
1225 2232 1398 2298 verborum

133 2342 165 2402 et
186 2333 465 2419 transpositiones:
499 2354 545 2400 or.
567 2333 597 2399 V
619 2338 738 2415 §14‚2
761 2353 823 2398 om.
846 2340 988 2416 τάχιστα
1011 2334 1058 2399 VI
1080 2339 1176 2417 §dd
1199 2339 1346 2422 Μέγαρα
1369 2335 1398 2399 V

133 2442 278 2524 Μέγαρα
302 2436 337 2500 ἀὲ
360 2436 410 2500 Mo
433 2441 515 2519 11,7
540 2436 675 2500 ἀέονται
699 2435 735 2500 ἀὲ
758 2439 908 2525 ἐσθῆτος
931 2456 992 2502 om.
1017 2439 1100 2518 28,6
1121 2441 1142 2523 ἤ
1165 2443 1241 2502 ante
1259 2449 1319 2525 τῆς
1336 2457 1397 2502 om.

135 2543 222 2621 35‚2
253 2542 414 2602 ἁπάντων
445 2557 507 2602 om.
536 2537 617 2603 VIII
645 2540 710 2620 3,6
740 2538 879 2625 βραδεῖς
906 2543 963 2603 καὶ
994 2542 1142 2624 νοθρούς
1170 2537 1243 2616 (hoe
1272 2537 1397 2616 ordine)

134 2643 196 2721 9,2
220 2659 281 2704 om.
303 2643 462 2722 βοώντων
488 2644 568 2722 15,5
592 2639 688 2727 ἥλιον
710 2660 768 2725 pro
787 2634 927 2704 Ἠλεῖοι
948 2639 998 2704 IX
1024 2639 1318 2722 11,3oeeom.x
1336 2645 1397 2723 2,3

133 2767 175 2825 με
199 2762 260 2807 om.
286 2744 365 2822 15‚1
393 2740 602 2818 σπουδάσεις
623 2745 820 2830 κτήσασθαι
845 2741 917 2822 (hoo
940 2738 1063 2820 ordine)
1086 2739 1137 2805 XI
1161 2746 1218 2823 1,1
1244 2745 1400 2819 ἅπαντας

135 2847 344 2930 ἀνθρώπους
366 2839 439 2918 (hoo
461 2838 585 2919 ordine)
609 2847 672 2925 7,2
696 2843 783 2908 ἑλεῖν
804 2841 834 2906 V
856 2841 991 2906 ἐθέλειν
1015 2841 1400 2931 oeteri29‚1ddslpodc

134 2964 194 3029 pro
217 2942 432 3031 ὀφθαλμούς.
470 2941 565 3008 Unde
588 2944 715 3028 aeeepit
730 2942 881 3009 librarius
897 2943 931 3007 M
944 2941 1045 3010 verba
1060 2963 1081 3008 a
1095 2942 1125 3007 V
1139 2942 1282 3008 omissa?
1304 2945 1401 3011 Dioet

135 3045 255 3130 aliquis
271 3043 464 3110 Vatioanum
486 3065 549 3110 non
572 3051 697 3130 patrem
713 3064 784 3111 esse
799 3042 857 3111 sed
872 3064 969 3110 avum
984 3045 1251 3128 Meermanniani,
1274 3051 1400 3129 patrem

135 3167 212 3213 vero
234 3166 276 3212 ex
298 3147 364 3212 alio
386 3145 498 3213 eodioe
520 3152 695 3213 eorreetum
710 3147 822 3230 itaque
836 3147 970 3213 laeunas
985 3147 1060 3214 illas
1076 3147 1223 3232 expletas
1240 3166 1320 3213 esse.
1358 3148 1401 3212 At

138 3247 266 3333 qualem
288 3247 389 3314 fuisse
404 3246 498 3331 fingis
514 3247 657 3314 eodieem
673 3248 774 3333 illum,
798 3247 841 3315 ad
856 3249 948 3316 euius
964 3250 1130 3335 exemplar
1144 3248 1402 3316 Meermannieni

137 3355 263 3435 patrem
274 3354 449 3416 eorreotnm
465 3369 535 3416 esse
550 3350 672 3434 putas?
687 3351 724 3418 Si
739 3353 908 3438 exaliqua
923 3359 1102 3421 oeterarum
1113 3351 1308 3418 familiarum
1320 3370 1401 3434 quas

138 3451 295 3534 novimus,
313 3452 368 3536 qui
383 3451 504 3518 faetum
519 3458 578 3536 est,
594 3457 630 3518 ut
645 3473 710 3520 non
720 3454 802 3522 vitia
814 3475 941 3541 quoque
953 3456 1041 3520 illius
1052 3454 1197 3519 familiae
1208 3453 1261 3518 hie
1273 3453 1342 3518 illie
1353 3453 1400 3517 in-

138 3553 279 3620 ferrent?
295 3552 387 3632 Quae
398 3555 426 3621 si
437 3555 622 3621 intulissent
633 3554 729 3623 faeile
740 3577 793 3624 res
804 3555 1105 3642 deprehenderetur.
1128 3553 1164 3619 Si
1176 3561 1286 3620 eontra
1299 3553 1401 3620 sodex

138 3654 200 3721 fuit
212 3657 341 3740 qualem
353 3677 439 3723 nune
450 3678 514 3723 non
528 3657 695 3742 habemus,
710 3664 779 3724 tota
793 3659 939 3742 quaestio
955 3657 1058 3723 omitti
1073 3661 1179 3741 potest
1194 3676 1266 3722 oum
1278 3655 1322 3722 ad
1333 3662 1402 3723 tex·

139 3765 207 3824 tum
218 3761 334 3826 Dionis
348 3758 580 3826 reeensendnm
595 3760 678 3824 nihil
689 3760 841 3824 momenti
851 3758 980 3825 habeat.
1005 3758 1153 3825 Ceterum
1165 3779 1230 3824 non
1241 3763 1290 3824 est
1301 3778 1359 3824 our
1370 3759 1403 3823 in

139 3861 201 3928 hae
216 3882 251 3929 re
266 3860 386 3927 diutius
398 3881 566 3944 moremur,
579 3880 652 3926 oum
664 3865 786 3926 eertum
797 3861 839 3926 sit
850 3859 894 3926 ad
905 3880 961 3927 eas
972 3862 1134 3929 orationes
1146 3881 1230 3946 qnae
1241 3861 1401 3927 Vatioano

139 3963 387 4029 Voontinentur
409 3960 553 4027 oodieem
574 3963 607 4027 M
629 3960 776 4027 adhiberi
798 3982 862 4027 non
884 3968 1040 4047 oportere.
1073 3963 1157 4028 Nam
1177 3963 1212 4028 in
1226 3963 1277 4029 his
1292 3982 1402 4029 reeen-

140 4064 250 4131 sendis
273 4065 331 4129 alii
353 4062 481 4129 oodioes
502 4069 632 4147 praesto
655 4069 730 4129 sunt
751 4061 795 4128 ad
816 4064 1021 4131 emendanda
1035 4063 1188 4129 Vatieani
1205 4065 1287 4130 vitia
1301 4066 1402 4130 multo

140 4168 246 4250 magis
269 4163 510 4247 aeoommodati,
534 4165 613 4248 quia
633 4164 762 4248 longius
785 4166 826 4232 ab
849 4186 888 4232 eo
911 4165 1041 4233 distant.
1080 4165 1147 4234 Sed
1169 4186 1208 4232 ea
1230 4172 1279 4232 est
1300 4167 1402 4234 Moer-

141 4270 308 4335 manniani
329 4267 454 4333 utilitas
475 4271 512 4332 ut
534 4266 569 4331 in
590 4266 790 4334 orationibus
812 4269 936 4352 ueteris,
960 4289 1044 4353 quae
1066 4269 1101 4334 in
1118 4268 1277 4334 Vatioano
1299 4270 1402 4353 perie-

142 4377 231 4454 runt,
264 4370 351 4436 illins
380 4370 475 4454 quasi
502 4369 644 4437 vioarius
666 4371 812 4437 exsistat.
856 4371 973 4438 Melius
994 4377 1101 4437 aetum
1124 4376 1209 4437 esset
1232 4369 1272 4436 de
1293 4377 1403 4438 textus

141 4473 262 4539 Dionei
284 4472 481 4556 integritate,
504 4471 533 4539 si
555 4473 589 4539 in
612 4472 771 4540 Vatioano
793 4493 904 4540 omnes
926 4474 1087 4540 orationes
1108 4471 1204 4538 hodie
1227 4477 1402 4539 exstarent.
