<?xml version="1.0" encoding="UTF-8"?>
<!DOCTYPE html PUBLIC "-//W3C//DTD XHTML 1.0 Transitional//EN"
    "http://www.w3.org/TR/xhtml1/DTD/xhtml1-transitional.dtd">
<html xmlns="http://www.w3.org/1999/xhtml" xml:lang="en" lang="en">
 <head>
  <title>
</title>
<meta http-equiv="Content-Type" content="text/html;charset=utf-8" />
  <meta name='ocr-system' content='tesseract 3.04.00' />
  <meta name='ocr-capabilities' content='ocr_page ocr_carea ocr_par ocr_line ocrx_word'/>
</head>
<body>
  <div class='ocr_page' id='page_1' title='image "./quaeexstantomni00diogoog_0150.png"; bbox 0 0 3068 5160; ppageno 0'>
   <div class='ocr_carea' id='block_1_1' title="bbox 235 315 1047 381">
    <p class='ocr_par' dir='ltr' id='par_1_1' title="bbox 235 315 1047 381">
     <span class='ocr_line' id='line_1_1' title="bbox 235 315 1047 381; baseline -0.012 -2"><span class='ocrx_word' id='word_1_1' title='bbox 235 321 295 381; x_wconf 89' lang='lat'><strong><em>100</em></strong></span> <span class='ocrx_word' id='word_1_2' title='bbox 672 317 795 371; x_wconf 85' lang='lat' dir='ltr'>DIONIS</span> <span class='ocrx_word' id='word_1_3' title='bbox 813 315 865 370; x_wconf 85' lang='lat' dir='ltr'><strong><em>DE</em></strong></span> <span class='ocrx_word' id='word_1_4' title='bbox 883 315 1047 371; x_wconf 83' lang='lat' dir='ltr'>VIRTUTE</span> 
     </span>
    </p>
   </div>
   <div class='ocr_carea' id='block_1_2' title="bbox 120 487 1528 2008">
    <p class='ocr_par' dir='ltr' id='par_1_2' title="bbox 232 487 1492 578">
     <span class='ocr_line' id='line_1_2' title="bbox 232 487 1492 578; baseline -0.01 -19"><span class='ocrx_word' id='word_1_5' title='bbox 232 497 347 578; x_wconf 83' lang='grc' dir='ltr'><strong><em>μάξαι,</em></strong></span> <span class='ocrx_word' id='word_1_6' title='bbox 370 497 516 557; x_wconf 90' lang='grc' dir='ltr'><strong><em>κάπειτα</em></strong></span> <span class='ocrx_word' id='word_1_7' title='bbox 540 495 618 568; x_wconf 87' lang='grc' dir='ltr'><strong><em>τούς</em></strong></span> <span class='ocrx_word' id='word_1_8' title='bbox 633 496 693 573; x_wconf 81' lang='grc' dir='ltr'><strong><em>μὲν</em></strong></span> <span class='ocrx_word' id='word_1_9' title='bbox 711 500 770 567; x_wconf 94' lang='grc' dir='ltr'><strong><em>σῦς</em></strong></span> <span class='ocrx_word' id='word_1_10' title='bbox 786 493 905 567; x_wconf 82' lang='grc' dir='ltr'><strong><em>αὐτῶν,</em></strong></span> <span class='ocrx_word' id='word_1_11' title='bbox 929 493 1007 564; x_wconf 88' lang='grc' dir='ltr'><strong><em>τούς</em></strong></span> <span class='ocrx_word' id='word_1_12' title='bbox 1024 487 1059 552; x_wconf 88' lang='grc' dir='ltr'><strong><em>δέ</em></strong></span> <span class='ocrx_word' id='word_1_13' title='bbox 1078 487 1195 564; x_wconf 79' lang='grc' dir='ltr'><strong><em>λύκους</em></strong></span> <span class='ocrx_word' id='word_1_14' title='bbox 1209 489 1387 570; x_wconf 90' lang='grc' dir='ltr'><strong><em>γενέσθαι,</em></strong></span> <span class='ocrx_word' id='word_1_15' title='bbox 1412 489 1492 562; x_wconf 91' lang='grc' dir='ltr'><strong><em>τούς</em></strong></span> 
     </span>
    </p>

    <p class='ocr_par' dir='ltr' id='par_1_3' title="bbox 234 585 1491 679">
     <span class='ocr_line' id='line_1_3' title="bbox 234 585 1491 679; baseline -0.01 -18"><span class='ocrx_word' id='word_1_16' title='bbox 234 598 269 661; x_wconf 83' lang='grc' dir='ltr'><strong><em>δὲ</em></strong></span> <span class='ocrx_word' id='word_1_17' title='bbox 286 588 360 659; x_wconf 81' lang='grc' dir='ltr'><strong><em>ἀλλ’</em></strong></span> <span class='ocrx_word' id='word_1_18' title='bbox 388 599 472 657; x_wconf 88' lang='grc' dir='ltr'><strong><em>ἀττα</em></strong></span> <span class='ocrx_word' id='word_1_19' title='bbox 487 596 605 679; x_wconf 95' lang='grc' dir='ltr'><strong><em>θηρία,</em></strong></span> <span class='ocrx_word' id='word_1_20' title='bbox 622 597 776 656; x_wconf 93' lang='grc' dir='ltr'><strong><em>τοιοῦτόν</em></strong></span> <span class='ocrx_word' id='word_1_21' title='bbox 793 596 867 655; x_wconf 89' lang='grc' dir='ltr'><strong><em>ἐστι</em></strong></span> <span class='ocrx_word' id='word_1_22' title='bbox 882 595 920 654; x_wconf 89' lang='grc' dir='ltr'><strong><em>τό</em></strong></span> <span class='ocrx_word' id='word_1_23' title='bbox 934 601 1045 678; x_wconf 86' lang='grc' dir='ltr'><strong><em>χρήμα</em></strong></span> <span class='ocrx_word' id='word_1_24' title='bbox 1061 601 1120 677; x_wconf 86' lang='grc' dir='ltr'><strong><em>τής</em></strong></span> <span class='ocrx_word' id='word_1_25' title='bbox 1135 588 1268 676; x_wconf 84' lang='grc' dir='ltr'><strong><em>ήδονής,</em></strong></span> <span class='ocrx_word' id='word_1_26' title='bbox 1293 591 1353 669; x_wconf 84' lang='grc' dir='ltr'><strong><em>οὐχ</em></strong></span> <span class='ocrx_word' id='word_1_27' title='bbox 1370 585 1491 663; x_wconf 84' lang='grc' dir='ltr'><strong><em>ἁπλῶς</em></strong></span> 
     </span>
    </p>

    <p class='ocr_par' dir='ltr' id='par_1_4' title="bbox 120 692 1492 782">
     <span class='ocr_line' id='line_1_4' title="bbox 120 692 1492 782; baseline -0.009 -18"><span class='ocrx_word' id='word_1_28' title='bbox 120 740 123 746; x_wconf 94' lang='grc'><strong>-</strong></span> <span class='ocrx_word' id='word_1_29' title='bbox 233 697 527 782; x_wconf 73' lang='grc' dir='ltr'><strong><em>ἐπιβουλευούσης,</em></strong></span> <span class='ocrx_word' id='word_1_30' title='bbox 552 694 635 757; x_wconf 89' lang='grc' dir='ltr'><strong><em>ἀλλά</em></strong></span> <span class='ocrx_word' id='word_1_31' title='bbox 660 699 771 758; x_wconf 92' lang='grc' dir='ltr'><strong><em>πάντα</em></strong></span> <span class='ocrx_word' id='word_1_32' title='bbox 794 698 932 781; x_wconf 91' lang='grc' dir='ltr'><strong><em>τρόπον,</em></strong></span> <span class='ocrx_word' id='word_1_33' title='bbox 958 692 1014 756; x_wconf 93' lang='grc' dir='ltr'><strong><em>διά</em></strong></span> <span class='ocrx_word' id='word_1_34' title='bbox 1030 714 1065 755; x_wconf 87' lang='grc' dir='ltr'><strong><em>τε</em></strong></span> <span class='ocrx_word' id='word_1_35' title='bbox 1087 701 1146 778; x_wconf 83' lang='grc' dir='ltr'><strong><em>τῆς</em></strong></span> <span class='ocrx_word' id='word_1_36' title='bbox 1169 694 1284 774; x_wconf 80' lang='grc' dir='ltr'><strong><em>ὄψεως</em></strong></span> <span class='ocrx_word' id='word_1_37' title='bbox 1305 692 1365 754; x_wconf 90' lang='grc' dir='ltr'><strong><em>καί</em></strong></span> <span class='ocrx_word' id='word_1_38' title='bbox 1388 692 1492 775; x_wconf 80' lang='grc' dir='ltr'><strong><em>ἀκοῆς</em></strong></span> 
     </span>
    </p>

    <p class='ocr_par' dir='ltr' id='par_1_5' title="bbox 183 794 1525 1192">
     <span class='ocr_line' id='line_1_5' title="bbox 183 794 1491 888; baseline -0.011 -22"><span class='ocrx_word' id='word_1_39' title='bbox 183 804 252 888; x_wconf 71' lang='grc' dir='ltr'><strong><em>λλή</em></strong></span> <span class='ocrx_word' id='word_1_40' title='bbox 270 804 470 888; x_wconf 70' lang='grc' dir='ltr'><strong><em>ὀσφρήσεως</em></strong></span> <span class='ocrx_word' id='word_1_41' title='bbox 485 801 504 883; x_wconf 88' lang='grc' dir='ltr'><strong><em>ή</em></strong></span> <span class='ocrx_word' id='word_1_42' title='bbox 521 801 665 880; x_wconf 83' lang='grc' dir='ltr'><strong><em>γεύσεως</em></strong></span> <span class='ocrx_word' id='word_1_43' title='bbox 680 800 699 883; x_wconf 87' lang='grc' dir='ltr'><strong><em>ή</em></strong></span> <span class='ocrx_word' id='word_1_44' title='bbox 717 800 817 884; x_wconf 81' lang='grc' dir='ltr'><strong><em>άφής,</em></strong></span> <span class='ocrx_word' id='word_1_45' title='bbox 841 798 892 858; x_wconf 86' lang='grc' dir='ltr'><strong><em>ἔτι</em></strong></span> <span class='ocrx_word' id='word_1_46' title='bbox 909 794 943 858; x_wconf 82' lang='grc' dir='ltr'><strong><em>δέ</em></strong></span> <span class='ocrx_word' id='word_1_47' title='bbox 962 797 1085 870; x_wconf 82' lang='grc' dir='ltr'><strong><em>σιτίοις</em></strong></span> <span class='ocrx_word' id='word_1_48' title='bbox 1099 796 1156 857; x_wconf 85' lang='grc' dir='ltr'><strong><em>καί</em></strong></span> <span class='ocrx_word' id='word_1_49' title='bbox 1171 799 1293 869; x_wconf 84' lang='grc' dir='ltr'><strong><em>ποτοῖς</em></strong></span> <span class='ocrx_word' id='word_1_50' title='bbox 1307 795 1367 855; x_wconf 82' lang='grc' dir='ltr'><strong><em>καί</em></strong></span> <span class='ocrx_word' id='word_1_51' title='bbox 1383 794 1491 877; x_wconf 89' lang='grc' dir='ltr'><strong><em>ἀφρο-</em></strong></span> 
     </span>
     <span class='ocr_line' id='line_1_6' title="bbox 235 891 1525 987; baseline -0.005 -20"><span class='ocrx_word' id='word_1_52' title='bbox 235 902 360 978; x_wconf 93' lang='grc' dir='ltr'><strong><em>δισίοις</em></strong></span> <span class='ocrx_word' id='word_1_53' title='bbox 376 900 581 987; x_wconf 86' lang='grc' dir='ltr'><strong><em>διαφθεῖραι</em></strong></span> <span class='ocrx_word' id='word_1_54' title='bbox 598 904 820 984; x_wconf 76' lang='grc' dir='ltr'><strong><em>πειρωμένης,</em></strong></span> <span class='ocrx_word' id='word_1_55' title='bbox 838 899 965 977; x_wconf 86' lang='grc' dir='ltr'><strong><em>ὁμοίως</em></strong></span> <span class='ocrx_word' id='word_1_56' title='bbox 980 899 1041 976; x_wconf 86' lang='grc' dir='ltr'><strong><em>μέν</em></strong></span> <span class='ocrx_word' id='word_1_57' title='bbox 1056 899 1288 981; x_wconf 79' lang='grc' dir='ltr'><strong><em>ἐγρηγορότας,</em></strong></span> <span class='ocrx_word' id='word_1_58' title='bbox 1306 896 1439 976; x_wconf 84' lang='grc' dir='ltr'><strong><em>ὁμοίως</em></strong></span> <span class='ocrx_word' id='word_1_59' title='bbox 1457 891 1491 956; x_wconf 82' lang='grc' dir='ltr'><strong><em>δὲ</em></strong></span> <span class='ocrx_word' id='word_1_60' title='bbox 1512 910 1525 960; x_wconf 79' lang='grc'>5</span> 
     </span>
     <span class='ocr_line' id='line_1_7' title="bbox 232 994 1491 1087; baseline -0.009 -19"><span class='ocrx_word' id='word_1_61' title='bbox 232 1009 470 1086; x_wconf 80' lang='grc' dir='ltr'><strong><em>κοιμωμένους.</em></strong></span> <span class='ocrx_word' id='word_1_62' title='bbox 510 1001 587 1064; x_wconf 87' lang='grc' dir='ltr'><strong><em>ούδέ</em></strong></span> <span class='ocrx_word' id='word_1_63' title='bbox 609 1003 671 1087; x_wconf 88' lang='grc' dir='ltr'><strong><em>γάρ</em></strong></span> <span class='ocrx_word' id='word_1_64' title='bbox 696 1003 811 1084; x_wconf 86' lang='grc' dir='ltr'><strong><em>ὥσπερ</em></strong></span> <span class='ocrx_word' id='word_1_65' title='bbox 837 1003 923 1085; x_wconf 87' lang='grc' dir='ltr'><strong><em>πρὸς</em></strong></span> <span class='ocrx_word' id='word_1_66' title='bbox 946 1002 1024 1074; x_wconf 91' lang='grc' dir='ltr'><strong><em>τούς</em></strong></span> <span class='ocrx_word' id='word_1_67' title='bbox 1043 996 1228 1079; x_wconf 84' lang='grc' dir='ltr'><strong><em>πολεμίους</em></strong></span> <span class='ocrx_word' id='word_1_68' title='bbox 1244 1000 1317 1061; x_wconf 84' lang='grc' dir='ltr'><strong><em>ἐστι</em></strong></span> <span class='ocrx_word' id='word_1_69' title='bbox 1336 994 1491 1083; x_wconf 89' lang='grc' dir='ltr'><strong><em>φυλακάς</em></strong></span> 
     </span>
     <span class='ocr_line' id='line_1_8' title="bbox 231 1099 1489 1192; baseline -0.006 -23"><span class='ocrx_word' id='word_1_70' title='bbox 231 1109 508 1192; x_wconf 90' lang='grc' dir='ltr'><strong><em>καταστήσαντας</em></strong></span> <span class='ocrx_word' id='word_1_71' title='bbox 519 1102 710 1180; x_wconf 74' lang='grc' dir='ltr'><strong><em>καθεύδειν,</em></strong></span> <span class='ocrx_word' id='word_1_72' title='bbox 727 1101 811 1164; x_wconf 90' lang='grc' dir='ltr'><strong><em>ἀλλά</em></strong></span> <span class='ocrx_word' id='word_1_73' title='bbox 824 1099 972 1182; x_wconf 89' lang='grc' dir='ltr'><strong><em>μάλιστα</em></strong></span> <span class='ocrx_word' id='word_1_74' title='bbox 986 1100 1024 1188; x_wconf 88' lang='grc' dir='ltr'><strong><em>δή</em></strong></span> <span class='ocrx_word' id='word_1_75' title='bbox 1038 1104 1175 1163; x_wconf 90' lang='grc' dir='ltr'><strong><em>πάντων</em></strong></span> <span class='ocrx_word' id='word_1_76' title='bbox 1187 1105 1263 1163; x_wconf 90' lang='grc' dir='ltr'><strong><em>τότε</em></strong></span> <span class='ocrx_word' id='word_1_77' title='bbox 1275 1101 1489 1176; x_wconf 89' lang='grc' dir='ltr'><strong><em>ἐπιτίθεται,</em></strong></span> 
     </span>
    </p>

    <p class='ocr_par' dir='ltr' id='par_1_6' title="bbox 183 1201 1528 1600">
     <span class='ocr_line' id='line_1_9' title="bbox 183 1201 1489 1290; baseline -0.009 -16"><span class='ocrx_word' id='word_1_78' title='bbox 183 1213 222 1275; x_wconf 81' lang='lat'><strong><em>23</em></strong></span> <span class='ocrx_word' id='word_1_79' title='bbox 233 1211 274 1272; x_wconf 89' lang='grc' dir='ltr'><strong><em>τά</em></strong></span> <span class='ocrx_word' id='word_1_80' title='bbox 287 1212 347 1290; x_wconf 82' lang='grc' dir='ltr'><strong><em>μὲν</em></strong></span> <span class='ocrx_word' id='word_1_81' title='bbox 361 1207 450 1290; x_wconf 71' lang='grc' dir='ltr'><strong><em>αύτηῖ</em></strong></span> <span class='ocrx_word' id='word_1_82' title='bbox 463 1206 509 1289; x_wconf 79' lang='grc' dir='ltr'><strong><em>τῴ</em></strong></span> <span class='ocrx_word' id='word_1_83' title='bbox 521 1209 615 1288; x_wconf 81' lang='grc' dir='ltr'><strong><em>ὕπνῳ</em></strong></span> <span class='ocrx_word' id='word_1_84' title='bbox 627 1208 838 1290; x_wconf 81' lang='grc' dir='ltr'><strong><em>μαραίνουσα</em></strong></span> <span class='ocrx_word' id='word_1_85' title='bbox 847 1207 903 1266; x_wconf 87' lang='grc' dir='ltr'><strong><em>καί</em></strong></span> <span class='ocrx_word' id='word_1_86' title='bbox 913 1201 1127 1289; x_wconf 73' lang='grc' dir='ltr'><strong><em>δουλουμένη,</em></strong></span> <span class='ocrx_word' id='word_1_87' title='bbox 1139 1204 1181 1265; x_wconf 89' lang='grc' dir='ltr'><strong><em>τά</em></strong></span> <span class='ocrx_word' id='word_1_88' title='bbox 1192 1201 1228 1266; x_wconf 84' lang='grc' dir='ltr'><strong><em>δὲ</em></strong></span> <span class='ocrx_word' id='word_1_89' title='bbox 1238 1205 1489 1282; x_wconf 83' lang='grc' dir='ltr'><strong><em>ἐπιπέμπουσα</em></strong></span> 
     </span>
     <span class='ocr_line' id='line_1_10' title="bbox 233 1304 1528 1396; baseline -0.009 -23"><span class='ocrx_word' id='word_1_90' title='bbox 233 1315 389 1396; x_wconf 85' lang='grc' dir='ltr'><strong><em>ὀνείρατα</em></strong></span> <span class='ocrx_word' id='word_1_91' title='bbox 406 1317 579 1394; x_wconf 90' lang='grc' dir='ltr'><strong><em>πανοῦργα</em></strong></span> <span class='ocrx_word' id='word_1_92' title='bbox 595 1311 651 1371; x_wconf 87' lang='grc' dir='ltr'><strong><em>καί</em></strong></span> <span class='ocrx_word' id='word_1_93' title='bbox 666 1305 841 1389; x_wconf 73' lang='grc' dir='ltr'><strong><em>ἐπίβουλα,</em></strong></span> <span class='ocrx_word' id='word_1_94' title='bbox 859 1304 1152 1390; x_wconf 79' lang='grc' dir='ltr'><strong><em>ἀναμιμνῄσκοντα</em></strong></span> <span class='ocrx_word' id='word_1_95' title='bbox 1170 1307 1280 1392; x_wconf 83' lang='grc' dir='ltr'><strong><em>αὐτῆς.</em></strong></span> <span class='ocrx_word' id='word_1_96' title='bbox 1319 1307 1338 1366; x_wconf 88' lang='lat'><em>6</em></span> <span class='ocrx_word' id='word_1_97' title='bbox 1353 1307 1417 1384; x_wconf 83' lang='grc' dir='ltr'><strong><em>μὲν</em></strong></span> <span class='ocrx_word' id='word_1_98' title='bbox 1434 1304 1489 1365; x_wconf 79' lang='grc' dir='ltr'><strong><em>οὖν</em></strong></span> <span class='ocrx_word' id='word_1_99' title='bbox 1504 1319 1528 1369; x_wconf 76' lang='grc' dir='ltr'><strong><em>1ο</em></strong></span> 
     </span>
     <span class='ocr_line' id='line_1_11' title="bbox 234 1406 1528 1497; baseline -0.006 -22"><span class='ocrx_word' id='word_1_100' title='bbox 234 1417 339 1487; x_wconf 92' lang='grc' dir='ltr'><strong><em>πόνος</em></strong></span> <span class='ocrx_word' id='word_1_101' title='bbox 363 1410 419 1474; x_wconf 86' lang='grc' dir='ltr'><strong><em>διὰ</em></strong></span> <span class='ocrx_word' id='word_1_102' title='bbox 436 1421 494 1497; x_wconf 82' lang='grc' dir='ltr'><strong><em>τῆς</em></strong></span> <span class='ocrx_word' id='word_1_103' title='bbox 510 1413 601 1497; x_wconf 85' lang='grc' dir='ltr'><strong><em>άφής</em></strong></span> <span class='ocrx_word' id='word_1_104' title='bbox 618 1412 826 1491; x_wconf 86' lang='grc' dir='ltr'><strong><em>ἐπιγίγνεται</em></strong></span> <span class='ocrx_word' id='word_1_105' title='bbox 842 1412 887 1483; x_wconf 91' lang='grc' dir='ltr'><strong><em>ὡς</em></strong></span> <span class='ocrx_word' id='word_1_106' title='bbox 903 1412 940 1470; x_wconf 86' lang='grc' dir='ltr'><strong><em>τό</em></strong></span> <span class='ocrx_word' id='word_1_107' title='bbox 958 1406 1046 1469; x_wconf 86' lang='grc' dir='ltr'><strong><em>πολύ</em></strong></span> <span class='ocrx_word' id='word_1_108' title='bbox 1061 1410 1117 1471; x_wconf 88' lang='grc' dir='ltr'><strong><em>καί</em></strong></span> <span class='ocrx_word' id='word_1_109' title='bbox 1132 1411 1235 1491; x_wconf 76' lang='grc' dir='ltr'><strong><em>ταύτῃ</em></strong></span> <span class='ocrx_word' id='word_1_110' title='bbox 1252 1410 1448 1491; x_wconf 89' lang='grc' dir='ltr'><strong><em>πρόσεισιν,</em></strong></span> <span class='ocrx_word' id='word_1_111' title='bbox 1470 1411 1488 1490; x_wconf 91' lang='grc' dir='ltr'><strong><em>ή</em></strong></span> <span class='ocrx_word' id='word_1_112' title='bbox 1512 1418 1528 1468; x_wconf 90' lang='grc'><strong><em>11</em></strong></span> 
     </span>
     <span class='ocr_line' id='line_1_12' title="bbox 235 1510 1490 1600; baseline -0.005 -23"><span class='ocrx_word' id='word_1_113' title='bbox 235 1513 269 1577; x_wconf 85' lang='grc' dir='ltr'><strong><em>δὲ</em></strong></span> <span class='ocrx_word' id='word_1_114' title='bbox 282 1512 383 1600; x_wconf 85' lang='grc' dir='ltr'><strong><em>ήδονή</em></strong></span> <span class='ocrx_word' id='word_1_115' title='bbox 396 1515 481 1574; x_wconf 90' lang='grc' dir='ltr'><strong><em>κατά</em></strong></span> <span class='ocrx_word' id='word_1_116' title='bbox 495 1521 609 1575; x_wconf 86' lang='grc' dir='ltr'><strong><em>πᾶσαν</em></strong></span> <span class='ocrx_word' id='word_1_117' title='bbox 623 1511 789 1596; x_wconf 86' lang='grc' dir='ltr'><strong><em>αἴσθησιν</em></strong></span> <span class='ocrx_word' id='word_1_118' title='bbox 803 1514 935 1585; x_wconf 89' lang='grc' dir='ltr'><strong><em>ύπόσας</em></strong></span> <span class='ocrx_word' id='word_1_119' title='bbox 947 1512 1136 1595; x_wconf 87' lang='grc' dir='ltr'><strong><em>ἀνθριοπος</em></strong></span> <span class='ocrx_word' id='word_1_120' title='bbox 1148 1510 1333 1594; x_wconf 77' lang='grc' dir='ltr'><strong><em>αἰσθήσεις</em></strong></span> <span class='ocrx_word' id='word_1_121' title='bbox 1343 1511 1424 1588; x_wconf 86' lang='grc' dir='ltr'><strong><em>ἔχει,</em></strong></span> <span class='ocrx_word' id='word_1_122' title='bbox 1437 1510 1490 1571; x_wconf 86' lang='grc' dir='ltr'><strong><em>καί</em></strong></span> 
     </span>
    </p>

    <p class='ocr_par' dir='ltr' id='par_1_7' title="bbox 183 1607 1528 2008">
     <span class='ocr_line' id='line_1_13' title="bbox 183 1607 1489 1697; baseline -0.006 -18"><span class='ocrx_word' id='word_1_123' title='bbox 183 1619 223 1679; x_wconf 80' lang='grc'><strong><em>24</em></strong></span> <span class='ocrx_word' id='word_1_124' title='bbox 236 1615 292 1679; x_wconf 90' lang='grc' dir='ltr'><strong><em>δεῖ</em></strong></span> <span class='ocrx_word' id='word_1_125' title='bbox 298 1621 371 1690; x_wconf 91' lang='grc' dir='ltr'><strong><em>τοῖς</em></strong></span> <span class='ocrx_word' id='word_1_126' title='bbox 382 1617 442 1695; x_wconf 86' lang='grc' dir='ltr'><strong><em>μέν</em></strong></span> <span class='ocrx_word' id='word_1_127' title='bbox 456 1619 576 1688; x_wconf 88' lang='grc' dir='ltr'><strong><em>πόνοις</em></strong></span> <span class='ocrx_word' id='word_1_128' title='bbox 588 1615 740 1676; x_wconf 82' lang='grc' dir='ltr'><strong><em>ἀπαντᾶν</em></strong></span> <span class='ocrx_word' id='word_1_129' title='bbox 751 1616 807 1675; x_wconf 90' lang='grc' dir='ltr'><strong><em>καί</em></strong></span> <span class='ocrx_word' id='word_1_130' title='bbox 820 1611 1087 1693; x_wconf 85' lang='grc' dir='ltr'><strong><em>συμπλέκεσθαι,</em></strong></span> <span class='ocrx_word' id='word_1_131' title='bbox 1100 1614 1159 1697; x_wconf 89' lang='grc' dir='ltr'><strong><em>τήν</em></strong></span> <span class='ocrx_word' id='word_1_132' title='bbox 1171 1607 1205 1672; x_wconf 83' lang='grc' dir='ltr'><strong><em>δέ</em></strong></span> <span class='ocrx_word' id='word_1_133' title='bbox 1217 1607 1342 1697; x_wconf 89' lang='grc' dir='ltr'><strong><em>ήδονήν</em></strong></span> <span class='ocrx_word' id='word_1_134' title='bbox 1355 1613 1489 1696; x_wconf 77' lang='grc' dir='ltr'><strong><em>φεύγειν</em></strong></span> 
     </span>
     <span class='ocr_line' id='line_1_14' title="bbox 234 1711 1490 1802; baseline -0.005 -22"><span class='ocrx_word' id='word_1_135' title='bbox 234 1721 280 1793; x_wconf 85' lang='grc' dir='ltr'><strong><em>ὡς</em></strong></span> <span class='ocrx_word' id='word_1_136' title='bbox 304 1720 513 1802; x_wconf 85' lang='grc' dir='ltr'><strong><em>πορρωτάτω</em></strong></span> <span class='ocrx_word' id='word_1_137' title='bbox 529 1719 584 1779; x_wconf 87' lang='grc' dir='ltr'><strong><em>καὶ</em></strong></span> <span class='ocrx_word' id='word_1_138' title='bbox 599 1714 703 1801; x_wconf 86' lang='grc' dir='ltr'><strong><em>μηδὲν</em></strong></span> <span class='ocrx_word' id='word_1_139' title='bbox 720 1713 806 1790; x_wconf 91' lang='grc' dir='ltr'><strong><em>όλως</em></strong></span> <span class='ocrx_word' id='word_1_140' title='bbox 821 1717 839 1800; x_wconf 89' lang='grc' dir='ltr'><strong><em>ή</em></strong></span> <span class='ocrx_word' id='word_1_141' title='bbox 857 1716 1040 1796; x_wconf 90' lang='grc' dir='ltr'><strong><em>τάναγκαῖα</em></strong></span> <span class='ocrx_word' id='word_1_142' title='bbox 1057 1711 1196 1793; x_wconf 85' lang='grc' dir='ltr'><strong><em>ὁμιλεῖν.</em></strong></span> <span class='ocrx_word' id='word_1_143' title='bbox 1230 1714 1287 1775; x_wconf 89' lang='grc' dir='ltr'><strong><em>καί</em></strong></span> <span class='ocrx_word' id='word_1_144' title='bbox 1302 1713 1456 1774; x_wconf 86' lang='grc' dir='ltr'><strong><em>ἐνταῦθα</em></strong></span> <span class='ocrx_word' id='word_1_145' title='bbox 1473 1715 1490 1774; x_wconf 98' lang='lat'><em>6</em></span> 
     </span>
     <span class='ocr_line' id='line_1_15' title="bbox 232 1812 1488 1904; baseline -0.005 -22"><span class='ocrx_word' id='word_1_146' title='bbox 232 1824 411 1904; x_wconf 90' lang='grc' dir='ltr'><strong><em>κράτιστος</em></strong></span> <span class='ocrx_word' id='word_1_147' title='bbox 427 1821 509 1904; x_wconf 91' lang='grc' dir='ltr'><strong><em>ἀνήρ</em></strong></span> <span class='ocrx_word' id='word_1_148' title='bbox 534 1813 723 1903; x_wconf 81' lang='grc' dir='ltr'><strong><em>[κράτιστος</em></strong></span> <span class='ocrx_word' id='word_1_149' title='bbox 740 1812 787 1902; x_wconf 79' lang='grc' dir='ltr'><strong><em>δὲ]</em></strong></span> <span class='ocrx_word' id='word_1_150' title='bbox 806 1815 932 1897; x_wconf 92' lang='grc' dir='ltr'><strong><em>σχεδόν,</em></strong></span> <span class='ocrx_word' id='word_1_151' title='bbox 956 1817 992 1892; x_wconf 81' lang='grc' dir='ltr'><strong><em>ὃς</em></strong></span> <span class='ocrx_word' id='word_1_152' title='bbox 1009 1819 1050 1878; x_wconf 87' lang='grc' dir='ltr'><strong><em>ἀν</em></strong></span> <span class='ocrx_word' id='word_1_153' title='bbox 1067 1814 1206 1901; x_wconf 90' lang='grc' dir='ltr'><strong><em>δύνηται</em></strong></span> <span class='ocrx_word' id='word_1_154' title='bbox 1221 1813 1386 1878; x_wconf 84' lang='grc' dir='ltr'><strong><em>πλεῖστον</em></strong></span> <span class='ocrx_word' id='word_1_155' title='bbox 1404 1817 1488 1877; x_wconf 91' lang='grc' dir='ltr'><strong><em>ἀπο-</em></strong></span> 
     </span>
     <span class='ocr_line' id='line_1_16' title="bbox 235 1916 1528 2008; baseline -0.005 -24"><span class='ocrx_word' id='word_1_156' title='bbox 235 1926 369 2008; x_wconf 90' lang='grc' dir='ltr'><strong><em>φεύγειν</em></strong></span> <span class='ocrx_word' id='word_1_157' title='bbox 392 1922 453 1996; x_wconf 86' lang='grc' dir='ltr'><strong><em>τάς</em></strong></span> <span class='ocrx_word' id='word_1_158' title='bbox 475 1918 614 2003; x_wconf 86' lang='grc' dir='ltr'><strong><em>ήδονάς·</em></strong></span> <span class='ocrx_word' id='word_1_159' title='bbox 645 1919 721 1983; x_wconf 88' lang='grc' dir='ltr'><strong><em>ούδέ</em></strong></span> <span class='ocrx_word' id='word_1_160' title='bbox 745 1922 807 2005; x_wconf 89' lang='grc' dir='ltr'><strong><em>γάρ</em></strong></span> <span class='ocrx_word' id='word_1_161' title='bbox 831 1922 923 1982; x_wconf 86' lang='grc' dir='ltr'><strong><em>ἔστιν</em></strong></span> <span class='ocrx_word' id='word_1_162' title='bbox 949 1916 1053 2004; x_wconf 78' lang='grc' dir='ltr'><strong><em>ήδονή</em></strong></span> <span class='ocrx_word' id='word_1_163' title='bbox 1078 1923 1218 1981; x_wconf 92' lang='grc' dir='ltr'><strong><em>συνόντα</em></strong></span> <span class='ocrx_word' id='word_1_164' title='bbox 1240 1919 1260 2003; x_wconf 82' lang='grc' dir='ltr'><em>ἢ</em></span> <span class='ocrx_word' id='word_1_165' title='bbox 1283 1919 1342 1980; x_wconf 88' lang='grc' dir='ltr'><strong><em>καί</em></strong></span> <span class='ocrx_word' id='word_1_166' title='bbox 1365 1919 1488 2002; x_wconf 89' lang='grc' dir='ltr'><strong><em>πειρώ-</em></strong></span> <span class='ocrx_word' id='word_1_167' title='bbox 1509 1927 1528 1976; x_wconf 77' lang='lat' dir='ltr'><strong><em>li</em></strong></span> 
     </span>
    </p>
   </div>
   <div class='ocr_carea' id='block_1_3' title="bbox 181 2020 1522 2617">
    <p class='ocr_par' dir='ltr' id='par_1_8' title="bbox 181 2020 1522 2617">
     <span class='ocr_line' id='line_1_17' title="bbox 233 2020 1487 2109; baseline -0.003 -23"><span class='ocrx_word' id='word_1_168' title='bbox 233 2045 333 2104; x_wconf 87' lang='grc' dir='ltr'><strong><em>μενον</em></strong></span> <span class='ocrx_word' id='word_1_169' title='bbox 358 2031 501 2103; x_wconf 84' lang='grc' dir='ltr'><strong><em>συνεχῶς</em></strong></span> <span class='ocrx_word' id='word_1_170' title='bbox 523 2025 566 2109; x_wconf 86' lang='grc' dir='ltr'><strong><em>μή</em></strong></span> <span class='ocrx_word' id='word_1_171' title='bbox 593 2024 630 2084; x_wconf 83' lang='grc' dir='ltr'><strong><em>οὐ</em></strong></span> <span class='ocrx_word' id='word_1_172' title='bbox 655 2026 793 2098; x_wconf 84' lang='grc' dir='ltr'><strong><em>πόντιος</em></strong></span> <span class='ocrx_word' id='word_1_173' title='bbox 814 2020 951 2084; x_wconf 82' lang='grc' dir='ltr'><strong><em>ἁλῶναι.</em></strong></span> <span class='ocrx_word' id='word_1_174' title='bbox 989 2024 1068 2083; x_wconf 88' lang='grc' dir='ltr'><strong><em>όταν</em></strong></span> <span class='ocrx_word' id='word_1_175' title='bbox 1085 2021 1142 2082; x_wconf 83' lang='grc' dir='ltr'><strong><em>οάν</em></strong></span> <span class='ocrx_word' id='word_1_176' title='bbox 1156 2021 1304 2106; x_wconf 81' lang='grc' dir='ltr'><strong><em>κρατήσῃ</em></strong></span> <span class='ocrx_word' id='word_1_177' title='bbox 1320 2021 1379 2082; x_wconf 82' lang='grc' dir='ltr'><strong><em>καὶ</em></strong></span> <span class='ocrx_word' id='word_1_178' title='bbox 1394 2039 1487 2104; x_wconf 90' lang='grc' dir='ltr'><strong><em>περι-</em></strong></span> 
     </span>
     <span class='ocr_line' id='line_1_18' title="bbox 233 2119 1487 2211; baseline -0.004 -23"><span class='ocrx_word' id='word_1_179' title='bbox 233 2132 369 2211; x_wconf 87' lang='grc' dir='ltr'><strong><em>γένηται</em></strong></span> <span class='ocrx_word' id='word_1_180' title='bbox 390 2134 450 2211; x_wconf 79' lang='grc' dir='ltr'><strong><em>τῆς</em></strong></span> <span class='ocrx_word' id='word_1_181' title='bbox 472 2134 582 2211; x_wconf 83' lang='grc' dir='ltr'><strong><em>ψυχῆς</em></strong></span> <span class='ocrx_word' id='word_1_182' title='bbox 604 2131 677 2200; x_wconf 89' lang='grc' dir='ltr'><strong><em>τοῖς</em></strong></span> <span class='ocrx_word' id='word_1_183' title='bbox 695 2128 895 2210; x_wconf 89' lang='grc' dir='ltr'><strong><em>φαρμάκοις,</em></strong></span> <span class='ocrx_word' id='word_1_184' title='bbox 918 2125 1066 2206; x_wconf 90' lang='grc' dir='ltr'><strong><em>γίγνεται</em></strong></span> <span class='ocrx_word' id='word_1_185' title='bbox 1081 2126 1119 2184; x_wconf 89' lang='grc' dir='ltr'><strong><em>τό</em></strong></span> <span class='ocrx_word' id='word_1_186' title='bbox 1144 2120 1265 2185; x_wconf 87' lang='grc' dir='ltr'><strong><em>λοιπόν</em></strong></span> <span class='ocrx_word' id='word_1_187' title='bbox 1287 2119 1351 2207; x_wconf 89' lang='grc' dir='ltr'><strong><em>ήδη</em></strong></span> <span class='ocrx_word' id='word_1_188' title='bbox 1376 2125 1416 2184; x_wconf 93' lang='grc' dir='ltr'><strong><em>τό</em></strong></span> <span class='ocrx_word' id='word_1_189' title='bbox 1432 2131 1487 2208; x_wconf 85' lang='grc' dir='ltr'><strong><em>τής</em></strong></span> 
     </span>
     <span class='ocr_line' id='line_1_19' title="bbox 181 2221 1486 2312; baseline -0.005 -20"><span class='ocrx_word' id='word_1_190' title='bbox 181 2231 222 2292; x_wconf 79' lang='grc'><strong><em>25</em></strong></span> <span class='ocrx_word' id='word_1_191' title='bbox 233 2231 375 2312; x_wconf 88' lang='grc' dir='ltr'><strong><em>Κίρκης,</em></strong></span> <span class='ocrx_word' id='word_1_192' title='bbox 400 2225 557 2312; x_wconf 83' lang='grc' dir='ltr'><strong><em>πλήξασα</em></strong></span> <span class='ocrx_word' id='word_1_193' title='bbox 581 2225 708 2311; x_wconf 80' lang='grc' dir='ltr'><strong><em>ῥηιδίως</em></strong></span> <span class='ocrx_word' id='word_1_194' title='bbox 738 2237 779 2311; x_wconf 80' lang='grc' dir='ltr'><strong><em>τῇ</em></strong></span> <span class='ocrx_word' id='word_1_195' title='bbox 801 2225 914 2311; x_wconf 82' lang='grc' dir='ltr'><strong><em>ῥάβδῳ</em></strong></span> <span class='ocrx_word' id='word_1_196' title='bbox 939 2228 988 2300; x_wconf 89' lang='grc' dir='ltr'><strong><em>είς</em></strong></span> <span class='ocrx_word' id='word_1_197' title='bbox 1019 2229 1143 2310; x_wconf 77' lang='grc' dir='ltr'><strong><em>συφεόν</em></strong></span> <span class='ocrx_word' id='word_1_198' title='bbox 1171 2247 1246 2287; x_wconf 88' lang='grc' dir='ltr'><strong><em>τινα</em></strong></span> <span class='ocrx_word' id='word_1_199' title='bbox 1277 2221 1414 2286; x_wconf 89' lang='grc' dir='ltr'><strong><em>ἐλαύνει</em></strong></span> <span class='ocrx_word' id='word_1_200' title='bbox 1435 2225 1486 2286; x_wconf 91' lang='grc' dir='ltr'><strong><em>καί</em></strong></span> 
     </span>
     <span class='ocr_line' id='line_1_20' title="bbox 230 2319 1489 2413; baseline -0.002 -23"><span class='ocrx_word' id='word_1_201' title='bbox 230 2331 451 2413; x_wconf 91' lang='grc' dir='ltr'><strong><em>καθείργνυσι</em></strong></span> <span class='ocrx_word' id='word_1_202' title='bbox 472 2331 528 2391; x_wconf 88' lang='grc' dir='ltr'><strong><em>καί</em></strong></span> <span class='ocrx_word' id='word_1_203' title='bbox 550 2332 587 2390; x_wconf 89' lang='grc' dir='ltr'><strong><em>τό</em></strong></span> <span class='ocrx_word' id='word_1_204' title='bbox 613 2327 735 2390; x_wconf 91' lang='grc' dir='ltr'><strong><em>λοιπόν</em></strong></span> <span class='ocrx_word' id='word_1_205' title='bbox 758 2319 820 2389; x_wconf 79' lang='grc' dir='ltr'><strong><em>ἀπ’</em></strong></span> <span class='ocrx_word' id='word_1_206' title='bbox 847 2331 973 2390; x_wconf 90' lang='grc' dir='ltr'><strong><em>ἐκείνου</em></strong></span> <span class='ocrx_word' id='word_1_207' title='bbox 996 2325 1059 2412; x_wconf 88' lang='grc' dir='ltr'><strong><em>ήδη</em></strong></span> <span class='ocrx_word' id='word_1_208' title='bbox 1084 2329 1102 2388; x_wconf 90' lang='lat'><em>6</em></span> <span class='ocrx_word' id='word_1_209' title='bbox 1126 2328 1324 2410; x_wconf 81' lang='grc' dir='ltr'><strong><em>ἄνθρωπος</em></strong></span> <span class='ocrx_word' id='word_1_210' title='bbox 1340 2323 1489 2389; x_wconf 88' lang='grc' dir='ltr'><strong><em>διατελεῖ</em></strong></span> 
     </span>
     <span class='ocr_line' id='line_1_21' title="bbox 233 2419 1522 2516; baseline -0.002 -24"><span class='ocrx_word' id='word_1_211' title='bbox 233 2439 290 2505; x_wconf 89' lang='grc' dir='ltr'><strong><em>σῦς</em></strong></span> <span class='ocrx_word' id='word_1_212' title='bbox 313 2434 359 2492; x_wconf 80' lang='grc' dir='ltr'><strong><em>ὢν</em></strong></span> <span class='ocrx_word' id='word_1_213' title='bbox 381 2453 400 2515; x_wconf 91' lang='grc' dir='ltr'><strong><em>η</em></strong></span> <span class='ocrx_word' id='word_1_214' title='bbox 427 2427 537 2508; x_wconf 90' lang='grc' dir='ltr'><strong><em>λύκος,</em></strong></span> <span class='ocrx_word' id='word_1_215' title='bbox 567 2432 738 2512; x_wconf 89' lang='grc' dir='ltr'><strong><em>γίγνονται</em></strong></span> <span class='ocrx_word' id='word_1_216' title='bbox 767 2428 880 2492; x_wconf 81' lang='grc' dir='ltr'><strong><em>δὲκαὶ</em></strong></span> <span class='ocrx_word' id='word_1_217' title='bbox 903 2432 1000 2514; x_wconf 90' lang='grc' dir='ltr'><strong><em>ύφεις</em></strong></span> <span class='ocrx_word' id='word_1_218' title='bbox 1022 2419 1083 2516; x_wconf 81' lang='grc' dir='ltr'><strong><em>ὑφ’</em></strong></span> <span class='ocrx_word' id='word_1_219' title='bbox 1108 2427 1231 2515; x_wconf 84' lang='grc' dir='ltr'><strong><em>ήδονής</em></strong></span> <span class='ocrx_word' id='word_1_220' title='bbox 1247 2426 1404 2490; x_wconf 88' lang='grc' dir='ltr'><strong><em>ποικίλοι</em></strong></span> <span class='ocrx_word' id='word_1_221' title='bbox 1426 2430 1522 2491; x_wconf 74' lang='grc' dir='ltr'><strong><em>καλλλ</em></strong></span> 
     </span>
     <span class='ocr_line' id='line_1_22' title="bbox 232 2523 1484 2617; baseline -0.002 -23"><span class='ocrx_word' id='word_1_222' title='bbox 232 2530 388 2617; x_wconf 90' lang='grc' dir='ltr'><strong><em>όλέθριοι</em></strong></span> <span class='ocrx_word' id='word_1_223' title='bbox 409 2534 465 2594; x_wconf 90' lang='grc' dir='ltr'><strong><em>καί</em></strong></span> <span class='ocrx_word' id='word_1_224' title='bbox 481 2523 557 2593; x_wconf 82' lang='grc' dir='ltr'><strong><em>ἀλλ’</em></strong></span> <span class='ocrx_word' id='word_1_225' title='bbox 583 2535 668 2594; x_wconf 91' lang='grc' dir='ltr'><strong><em>ἀττα</em></strong></span> <span class='ocrx_word' id='word_1_226' title='bbox 685 2535 819 2616; x_wconf 82' lang='grc' dir='ltr'><strong><em>ἑρπετά,</em></strong></span> <span class='ocrx_word' id='word_1_227' title='bbox 844 2534 899 2593; x_wconf 89' lang='grc' dir='ltr'><strong><em>καί</em></strong></span> <span class='ocrx_word' id='word_1_228' title='bbox 915 2533 1168 2616; x_wconf 89' lang='grc' dir='ltr'><strong><em>θεραπεύουσιν</em></strong></span> <span class='ocrx_word' id='word_1_229' title='bbox 1191 2532 1319 2617; x_wconf 88' lang='grc' dir='ltr'><strong><em>ἐκείνην</em></strong></span> <span class='ocrx_word' id='word_1_230' title='bbox 1337 2532 1392 2594; x_wconf 88' lang='grc' dir='ltr'><strong><em>ἀεί</em></strong></span> <span class='ocrx_word' id='word_1_231' title='bbox 1409 2532 1484 2615; x_wconf 83' lang='grc' dir='ltr'><strong><em>περὶ</em></strong></span> 
     </span>
    </p>
   </div>
   <div class='ocr_carea' id='block_1_4' title="bbox 180 2631 1517 3535">
    <p class='ocr_par' dir='ltr' id='par_1_9' title="bbox 180 2631 1516 3127">
     <span class='ocr_line' id='line_1_23' title="bbox 180 2631 1485 2720; baseline -0.003 -22"><span class='ocrx_word' id='word_1_232' title='bbox 180 2636 292 2709; x_wconf 83' lang='grc' dir='ltr'><strong><em>26τάς</em></strong></span> <span class='ocrx_word' id='word_1_233' title='bbox 313 2636 424 2719; x_wconf 89' lang='grc' dir='ltr'><strong><em>θύρας</em></strong></span> <span class='ocrx_word' id='word_1_234' title='bbox 448 2636 540 2709; x_wconf 85' lang='grc' dir='ltr'><strong><em>ὄντες</em></strong></span> <span class='ocrx_word' id='word_1_235' title='bbox 561 2638 617 2696; x_wconf 88' lang='grc' dir='ltr'><strong><em>καὶ</em></strong></span> <span class='ocrx_word' id='word_1_236' title='bbox 632 2636 882 2714; x_wconf 84' lang='grc' dir='ltr'><strong><em>ἐπιθυμοῦντες</em></strong></span> <span class='ocrx_word' id='word_1_237' title='bbox 903 2636 964 2713; x_wconf 85' lang='grc' dir='ltr'><strong><em>μὲν</em></strong></span> <span class='ocrx_word' id='word_1_238' title='bbox 986 2643 1045 2719; x_wconf 86' lang='grc' dir='ltr'><strong><em>τής</em></strong></span> <span class='ocrx_word' id='word_1_239' title='bbox 1061 2632 1184 2720; x_wconf 88' lang='grc' dir='ltr'><strong><em>ήδονής</em></strong></span> <span class='ocrx_word' id='word_1_240' title='bbox 1199 2635 1256 2695; x_wconf 85' lang='grc' dir='ltr'><strong><em>καὶ</em></strong></span> <span class='ocrx_word' id='word_1_241' title='bbox 1272 2631 1485 2718; x_wconf 87' lang='grc' dir='ltr'><strong><em>λατρεύοντες</em></strong></span> 
     </span>
     <span class='ocr_line' id='line_1_24' title="bbox 233 2733 1483 2822; baseline -0.003 -24"><span class='ocrx_word' id='word_1_242' title='bbox 233 2738 351 2820; x_wconf 82' lang='grc' dir='ltr'><strong><em>ἐκείνη,</em></strong></span> <span class='ocrx_word' id='word_1_243' title='bbox 374 2739 514 2820; x_wconf 89' lang='grc' dir='ltr'><strong><em>μυρίους</em></strong></span> <span class='ocrx_word' id='word_1_244' title='bbox 539 2734 573 2797; x_wconf 87' lang='grc' dir='ltr'><strong><em>δέ</em></strong></span> <span class='ocrx_word' id='word_1_245' title='bbox 597 2734 708 2812; x_wconf 87' lang='grc' dir='ltr'><strong><em>άλλως</em></strong></span> <span class='ocrx_word' id='word_1_246' title='bbox 732 2740 857 2811; x_wconf 90' lang='grc' dir='ltr'><strong><em>πόνους</em></strong></span> <span class='ocrx_word' id='word_1_247' title='bbox 872 2737 1012 2815; x_wconf 80' lang='grc' dir='ltr'><strong><em>ἔχοντες.</em></strong></span> <span class='ocrx_word' id='word_1_248' title='bbox 1051 2737 1148 2821; x_wconf 90' lang='grc' dir='ltr'><strong><em>ήγάρ</em></strong></span> <span class='ocrx_word' id='word_1_249' title='bbox 1164 2733 1266 2822; x_wconf 90' lang='grc' dir='ltr'><strong><em>ήδονή</em></strong></span> <span class='ocrx_word' id='word_1_250' title='bbox 1291 2737 1483 2820; x_wconf 88' lang='grc' dir='ltr'><strong><em>κρατήσασα</em></strong></span> 
     </span>
     <span class='ocr_line' id='line_1_25' title="bbox 234 2835 1484 2922; baseline 0 -24"><span class='ocrx_word' id='word_1_251' title='bbox 234 2839 343 2899; x_wconf 80' lang='grc' dir='ltr'><strong><em>αὐτῶν</em></strong></span> <span class='ocrx_word' id='word_1_252' title='bbox 366 2841 422 2900; x_wconf 88' lang='grc' dir='ltr'><strong><em>καί</em></strong></span> <span class='ocrx_word' id='word_1_253' title='bbox 445 2836 692 2922; x_wconf 81' lang='grc' dir='ltr'><strong><em>παραλαβοῦσα</em></strong></span> <span class='ocrx_word' id='word_1_254' title='bbox 715 2844 788 2912; x_wconf 89' lang='grc' dir='ltr'><strong><em>τοῖς</em></strong></span> <span class='ocrx_word' id='word_1_255' title='bbox 811 2843 931 2912; x_wconf 93' lang='grc' dir='ltr'><strong><em>πόνοις</em></strong></span> <span class='ocrx_word' id='word_1_256' title='bbox 961 2835 1179 2922; x_wconf 91' lang='grc' dir='ltr'><strong><em>παραδίδωσι</em></strong></span> <span class='ocrx_word' id='word_1_257' title='bbox 1210 2842 1283 2912; x_wconf 89' lang='grc' dir='ltr'><strong><em>τοῖς</em></strong></span> <span class='ocrx_word' id='word_1_258' title='bbox 1312 2839 1484 2916; x_wconf 87' lang='grc' dir='ltr'><strong><em>ἐχθίστοις</em></strong></span> 
     </span>
     <span class='ocr_line' id='line_1_26' title="bbox 230 2937 1516 3026; baseline 0 -26"><span class='ocrx_word' id='word_1_259' title='bbox 230 2942 286 3002; x_wconf 84' lang='grc' dir='ltr'><strong><em>καὶ</em></strong></span> <span class='ocrx_word' id='word_1_260' title='bbox 305 2937 572 3018; x_wconf 84' lang='grc' dir='ltr'><strong><em>χαλεπωτάτοις.</em></strong></span> <span class='ocrx_word' id='word_1_261' title='bbox 677 2949 794 3002; x_wconf 90' lang='grc' dir='ltr'><strong><em>τοῦτον</em></strong></span> <span class='ocrx_word' id='word_1_262' title='bbox 819 2938 856 3026; x_wconf 91' lang='grc' dir='ltr'><strong><em>δή</em></strong></span> <span class='ocrx_word' id='word_1_263' title='bbox 882 2943 940 3003; x_wconf 87' lang='grc' dir='ltr'><strong><em>τδν</em></strong></span> <span class='ocrx_word' id='word_1_264' title='bbox 964 2942 1075 3022; x_wconf 85' lang='grc' dir='ltr'><strong><em>ἀγῶνα</em></strong></span> <span class='ocrx_word' id='word_1_265' title='bbox 1098 2941 1174 3020; x_wconf 84' lang='grc' dir='ltr'><strong><em>ἐμοί</em></strong></span> <span class='ocrx_word' id='word_1_266' title='bbox 1195 2947 1416 3024; x_wconf 79' lang='grc' dir='ltr'><strong><em>καρτεροῦντι</em></strong></span> <span class='ocrx_word' id='word_1_267' title='bbox 1436 2940 1516 3000; x_wconf 63' lang='lat' dir='ltr'><strong><em>nali</em></strong></span> 
     </span>
     <span class='ocr_line' id='line_1_27' title="bbox 232 3038 1482 3127; baseline 0 -25"><span class='ocrx_word' id='word_1_268' title='bbox 232 3038 521 3125; x_wconf 68' lang='grc' dir='ltr'><strong><em>παραβαλλομένη)</em></strong></span> <span class='ocrx_word' id='word_1_269' title='bbox 539 3044 627 3126; x_wconf 93' lang='grc' dir='ltr'><strong><em>πρδς</em></strong></span> <span class='ocrx_word' id='word_1_270' title='bbox 641 3039 763 3127; x_wconf 90' lang='grc' dir='ltr'><strong><em>ήδονήν</em></strong></span> <span class='ocrx_word' id='word_1_271' title='bbox 778 3045 834 3104; x_wconf 88' lang='grc' dir='ltr'><strong><em>καί</em></strong></span> <span class='ocrx_word' id='word_1_272' title='bbox 851 3046 957 3104; x_wconf 93' lang='grc' dir='ltr'><strong><em>πόνον</em></strong></span> <span class='ocrx_word' id='word_1_273' title='bbox 974 3040 1083 3116; x_wconf 87' lang='grc' dir='ltr'><strong><em>οάδείς</em></strong></span> <span class='ocrx_word' id='word_1_274' title='bbox 1095 3045 1255 3126; x_wconf 89' lang='grc' dir='ltr'><strong><em>προσέχει</em></strong></span> <span class='ocrx_word' id='word_1_275' title='bbox 1270 3048 1340 3103; x_wconf 84' lang='grc' dir='ltr'><strong><em>τῶν</em></strong></span> <span class='ocrx_word' id='word_1_276' title='bbox 1356 3038 1482 3102; x_wconf 87' lang='grc' dir='ltr'><strong><em>ἀθλίων</em></strong></span> 
     </span>
    </p>

    <p class='ocr_par' dir='ltr' id='par_1_10' title="bbox 180 3140 1517 3535">
     <span class='ocr_line' id='line_1_28' title="bbox 180 3140 1483 3230; baseline -0.001 -26"><span class='ocrx_word' id='word_1_277' title='bbox 180 3143 219 3204; x_wconf 83' lang='grc'><strong><em>27</em></strong></span> <span class='ocrx_word' id='word_1_278' title='bbox 234 3144 439 3227; x_wconf 88' lang='grc' dir='ltr'><strong><em>ἀνθρώπιον,</em></strong></span> <span class='ocrx_word' id='word_1_279' title='bbox 464 3140 548 3204; x_wconf 91' lang='grc' dir='ltr'><strong><em>ἀλλά</em></strong></span> <span class='ocrx_word' id='word_1_280' title='bbox 571 3149 645 3218; x_wconf 88' lang='grc' dir='ltr'><strong><em>τοῖς</em></strong></span> <span class='ocrx_word' id='word_1_281' title='bbox 668 3140 898 3227; x_wconf 89' lang='grc' dir='ltr'><strong><em>ἀνδραπόδοις</em></strong></span> <span class='ocrx_word' id='word_1_282' title='bbox 921 3150 994 3219; x_wconf 89' lang='grc' dir='ltr'><strong><em>τοῖς</em></strong></span> <span class='ocrx_word' id='word_1_283' title='bbox 1019 3143 1156 3230; x_wconf 83' lang='grc' dir='ltr'><strong><em>πηδῶσι</em></strong></span> <span class='ocrx_word' id='word_1_284' title='bbox 1177 3145 1233 3206; x_wconf 87' lang='grc' dir='ltr'><strong><em>καί</em></strong></span> <span class='ocrx_word' id='word_1_285' title='bbox 1254 3147 1414 3223; x_wconf 89' lang='grc' dir='ltr'><strong><em>τρέχουσι</em></strong></span> <span class='ocrx_word' id='word_1_286' title='bbox 1435 3143 1483 3204; x_wconf 90' lang='grc' dir='ltr'><strong><em>καί</em></strong></span> 
     </span>
     <span class='ocr_line' id='line_1_29' title="bbox 226 3238 1481 3332; baseline 0.001 -26"><span class='ocrx_word' id='word_1_287' title='bbox 226 3247 431 3329; x_wconf 89' lang='grc' dir='ltr'><strong><em>χορεύουσιν.</em></strong></span> <span class='ocrx_word' id='word_1_288' title='bbox 485 3244 561 3308; x_wconf 81' lang='grc' dir='ltr'><strong><em>οὐδὲ</em></strong></span> <span class='ocrx_word' id='word_1_289' title='bbox 584 3247 647 3330; x_wconf 87' lang='grc' dir='ltr'><strong><em>γάρ</em></strong></span> <span class='ocrx_word' id='word_1_290' title='bbox 671 3248 728 3307; x_wconf 93' lang='grc' dir='ltr'><strong><em>τδν</em></strong></span> <span class='ocrx_word' id='word_1_291' title='bbox 747 3238 913 3330; x_wconf 88' lang='grc' dir='ltr'><strong><em>Ἡρακλέα</em></strong></span> <span class='ocrx_word' id='word_1_292' title='bbox 941 3250 1055 3332; x_wconf 84' lang='grc' dir='ltr'><strong><em>ἐώρων</em></strong></span> <span class='ocrx_word' id='word_1_293' title='bbox 1078 3241 1323 3329; x_wconf 84' lang='grc' dir='ltr'><strong><em>ἀγωνιζόμενον</em></strong></span> <span class='ocrx_word' id='word_1_294' title='bbox 1346 3248 1405 3309; x_wconf 86' lang='grc' dir='ltr'><strong><em>καί</em></strong></span> <span class='ocrx_word' id='word_1_295' title='bbox 1426 3265 1481 3307; x_wconf 93' lang='grc' dir='ltr'><strong><em>πο·</em></strong></span> 
     </span>
     <span class='ocr_line' id='line_1_30' title="bbox 228 3344 1482 3433; baseline -0.001 -24"><span class='ocrx_word' id='word_1_296' title='bbox 228 3355 358 3423; x_wconf 90' lang='grc' dir='ltr'><strong><em>νοῦντα,</em></strong></span> <span class='ocrx_word' id='word_1_297' title='bbox 383 3344 459 3408; x_wconf 87' lang='grc' dir='ltr'><strong><em>ούδέ</em></strong></span> <span class='ocrx_word' id='word_1_298' title='bbox 483 3345 598 3427; x_wconf 86' lang='grc' dir='ltr'><strong><em>ἔμελεν</em></strong></span> <span class='ocrx_word' id='word_1_299' title='bbox 629 3349 759 3424; x_wconf 83' lang='grc' dir='ltr'><strong><em>αὐτοῖς,</em></strong></span> <span class='ocrx_word' id='word_1_300' title='bbox 791 3346 875 3409; x_wconf 90' lang='grc' dir='ltr'><strong><em>ἀλλά</em></strong></span> <span class='ocrx_word' id='word_1_301' title='bbox 905 3351 961 3411; x_wconf 89' lang='grc' dir='ltr'><strong><em>καί</em></strong></span> <span class='ocrx_word' id='word_1_302' title='bbox 989 3353 1065 3410; x_wconf 90' lang='grc' dir='ltr'><strong><em>τότε</em></strong></span> <span class='ocrx_word' id='word_1_303' title='bbox 1095 3348 1178 3424; x_wconf 88' lang='grc' dir='ltr'><strong><em>ἴσως</em></strong></span> <span class='ocrx_word' id='word_1_304' title='bbox 1208 3345 1367 3433; x_wconf 86' lang='grc' dir='ltr'><strong><em>ἀθλητάς</em></strong></span> <span class='ocrx_word' id='word_1_305' title='bbox 1395 3367 1482 3420; x_wconf 85' lang='grc' dir='ltr'><strong><em>τινας</em></strong></span> 
     </span>
     <span class='ocr_line' id='line_1_31' title="bbox 229 3445 1517 3535; baseline 0 -25"><span class='ocrx_word' id='word_1_306' title='bbox 229 3445 439 3529; x_wconf 82' lang='grc' dir='ltr'><strong><em>ἐθαύμαζον,</em></strong></span> <span class='ocrx_word' id='word_1_307' title='bbox 472 3452 584 3534; x_wconf 86' lang='grc' dir='ltr'><strong><em>Ζήτην</em></strong></span> <span class='ocrx_word' id='word_1_308' title='bbox 613 3451 671 3511; x_wconf 87' lang='grc' dir='ltr'><strong><em>καὶ</em></strong></span> <span class='ocrx_word' id='word_1_309' title='bbox 694 3448 825 3512; x_wconf 86' lang='grc' dir='ltr'><strong><em>Κάλαϊν</em></strong></span> <span class='ocrx_word' id='word_1_310' title='bbox 853 3453 909 3513; x_wconf 84' lang='grc' dir='ltr'><strong><em>καί</em></strong></span> <span class='ocrx_word' id='word_1_311' title='bbox 931 3448 1048 3535; x_wconf 84' lang='grc' dir='ltr'><strong><em>Πηλέα</em></strong></span> <span class='ocrx_word' id='word_1_312' title='bbox 1077 3453 1134 3513; x_wconf 88' lang='grc' dir='ltr'><strong><em>καί</em></strong></span> <span class='ocrx_word' id='word_1_313' title='bbox 1162 3447 1285 3524; x_wconf 88' lang='grc' dir='ltr'><strong><em>ἀλλους</em></strong></span> <span class='ocrx_word' id='word_1_314' title='bbox 1311 3451 1517 3522; x_wconf 72' lang='grc' dir='ltr'><strong><em>τοιούτουςθ</em></strong></span> 
     </span>
    </p>
   </div>
   <div class='ocr_carea' id='block_1_5' title="bbox 229 3628 1508 4553">
    <p class='ocr_par' dir='ltr' id='par_1_11' title="bbox 229 3628 1484 3959">
     <span class='ocr_line' id='line_1_32' title="bbox 281 3628 1484 3706; baseline 0.002 -20"><span class='ocrx_word' id='word_1_315' title='bbox 281 3628 421 3690; x_wconf 73' lang='grc' dir='ltr'><strong><em>’λάλλα</em></strong></span> <span class='ocrx_word' id='word_1_316' title='bbox 440 3628 513 3690; x_wconf 87' lang='grc' dir='ltr'><strong><em>ἀττα</em></strong></span> <span class='ocrx_word' id='word_1_317' title='bbox 533 3633 580 3687; x_wconf 89' lang='lat' dir='ltr'><strong><em>UB</em></strong></span> <span class='ocrx_word' id='word_1_318' title='bbox 661 3647 764 3687; x_wconf 81' lang='lat' dir='ltr'><strong>comma</strong></span> <span class='ocrx_word' id='word_1_319' title='bbox 782 3633 863 3701; x_wconf 84' lang='lat' dir='ltr'>posui</span> <span class='ocrx_word' id='word_1_320' title='bbox 880 3636 945 3702; x_wconf 86' lang='lat' dir='ltr'><strong>post</strong></span> <span class='ocrx_word' id='word_1_321' title='bbox 962 3635 1050 3706; x_wconf 81' lang='grc' dir='ltr'><strong><em>θηρία</em></strong></span> <span class='ocrx_word' id='word_1_322' title='bbox 1068 3649 1118 3704; x_wconf 89' lang='lat' dir='ltr'><strong><em>pro</em></strong></span> <span class='ocrx_word' id='word_1_323' title='bbox 1136 3635 1239 3704; x_wconf 82' lang='lat' dir='ltr'>puncto</span> <span class='ocrx_word' id='word_1_324' title='bbox 1347 3629 1484 3706; x_wconf 83' lang='grc' dir='ltr'><strong><em>4γεύσεο</em></strong></span> 
     </span>
     <span class='ocr_line' id='line_1_33' title="bbox 229 3711 1484 3792; baseline 0.004 -22"><span class='ocrx_word' id='word_1_325' title='bbox 229 3718 250 3770; x_wconf 87' lang='grc' dir='ltr'>Ρ</span> <span class='ocrx_word' id='word_1_326' title='bbox 270 3717 343 3784; x_wconf 74' lang='lat' dir='ltr'>(sici)</span> <span class='ocrx_word' id='word_1_327' title='bbox 397 3722 412 3772; x_wconf 86' lang='grc'><strong>6</strong></span> <span class='ocrx_word' id='word_1_328' title='bbox 431 3713 504 3774; x_wconf 82' lang='grc' dir='ltr'><strong><em>εἶναι</em></strong></span> <span class='ocrx_word' id='word_1_329' title='bbox 522 3722 583 3786; x_wconf 86' lang='lat' dir='ltr'>(pro</span> <span class='ocrx_word' id='word_1_330' title='bbox 597 3711 666 3782; x_wconf 75' lang='grc' dir='ltr'><strong><em>ἐστι)</em></strong></span> <span class='ocrx_word' id='word_1_331' title='bbox 684 3718 755 3783; x_wconf 87' lang='lat' dir='ltr'>libri,</span> <span class='ocrx_word' id='word_1_332' title='bbox 776 3733 847 3772; x_wconf 89' lang='lat' dir='ltr'><strong>corr.</strong></span> <span class='ocrx_word' id='word_1_333' title='bbox 866 3718 968 3772; x_wconf 81' lang='lat' dir='ltr'>Reiske</span> <span class='ocrx_word' id='word_1_334' title='bbox 1021 3723 1052 3773; x_wconf 87' lang='lat'><strong><em>10</em></strong></span> <span class='ocrx_word' id='word_1_335' title='bbox 1070 3715 1224 3792; x_wconf 83' lang='grc' dir='ltr'><strong><em>ἐπιγίνεται</em></strong></span> <span class='ocrx_word' id='word_1_336' title='bbox 1242 3718 1291 3774; x_wconf 85' lang='grc' dir='ltr'><strong><em>ΡΥ</em></strong></span> <span class='ocrx_word' id='word_1_337' title='bbox 1308 3721 1421 3790; x_wconf 85' lang='grc' dir='ltr'><strong><em>γίνεται</em></strong></span> <span class='ocrx_word' id='word_1_338' title='bbox 1439 3715 1484 3775; x_wconf 77' lang='lat' dir='ltr'><strong><em>UV</em></strong></span> 
     </span>
     <span class='ocr_line' id='line_1_34' title="bbox 231 3796 1484 3875; baseline 0.004 -20"><span class='ocrx_word' id='word_1_339' title='bbox 231 3802 394 3873; x_wconf 86' lang='grc' dir='ltr'><strong><em>γίγνεταιΒ</em></strong></span> <span class='ocrx_word' id='word_1_340' title='bbox 448 3798 490 3858; x_wconf 82' lang='grc' dir='ltr'><strong><em>ὡσ</em></strong></span> <span class='ocrx_word' id='word_1_341' title='bbox 508 3799 582 3859; x_wconf 87' lang='grc' dir='ltr'><strong><em>πολὺ</em></strong></span> <span class='ocrx_word' id='word_1_342' title='bbox 594 3802 667 3858; x_wconf 88' lang='lat' dir='ltr'><strong><em>UBV</em></strong></span> <span class='ocrx_word' id='word_1_343' title='bbox 685 3805 734 3857; x_wconf 86' lang='grc' dir='ltr'><strong><em>καί</em></strong></span> <span class='ocrx_word' id='word_1_344' title='bbox 753 3796 796 3857; x_wconf 80' lang='grc' dir='ltr'><strong><em>ὥσ</em></strong></span> <span class='ocrx_word' id='word_1_345' title='bbox 814 3798 886 3859; x_wconf 81' lang='grc' dir='ltr'><strong><em>πολὺ</em></strong></span> <span class='ocrx_word' id='word_1_346' title='bbox 899 3803 946 3856; x_wconf 82' lang='grc' dir='ltr'><strong><em>ΡΥ</em></strong></span> <span class='ocrx_word' id='word_1_347' title='bbox 965 3819 1034 3858; x_wconf 88' lang='lat' dir='ltr'><strong>corr.</strong></span> <span class='ocrx_word' id='word_1_348' title='bbox 1053 3802 1153 3857; x_wconf 83' lang='lat' dir='ltr'>Reiske</span> <span class='ocrx_word' id='word_1_349' title='bbox 1206 3807 1234 3857; x_wconf 86' lang='lat'><strong><em>11</em></strong></span> <span class='ocrx_word' id='word_1_350' title='bbox 1256 3796 1316 3874; x_wconf 80' lang='grc' dir='ltr'><strong><em>ἁφή</em></strong></span> <span class='ocrx_word' id='word_1_351' title='bbox 1334 3819 1387 3873; x_wconf 88' lang='lat' dir='ltr'><strong><em>pro</em></strong></span> <span class='ocrx_word' id='word_1_352' title='bbox 1405 3798 1484 3875; x_wconf 77' lang='grc' dir='ltr'><strong><em>ἡδονή</em></strong></span> 
     </span>
     <span class='ocr_line' id='line_1_35' title="bbox 230 3880 1405 3959; baseline 0.003 -17"><span class='ocrx_word' id='word_1_353' title='bbox 230 3887 305 3943; x_wconf 88' lang='lat' dir='ltr'><strong><em>UBV</em></strong></span> <span class='ocrx_word' id='word_1_354' title='bbox 385 3891 415 3941; x_wconf 84' lang='lat'><strong><em>13</em></strong></span> <span class='ocrx_word' id='word_1_355' title='bbox 435 3891 483 3943; x_wconf 88' lang='grc' dir='ltr'><strong><em>καί</em></strong></span> <span class='ocrx_word' id='word_1_356' title='bbox 501 3885 627 3944; x_wconf 78' lang='grc' dir='ltr'><strong><em>ἐνταῦθα</em></strong></span> <span class='ocrx_word' id='word_1_357' title='bbox 641 3880 758 3959; x_wconf 87' lang='grc' dir='ltr'><strong><em>-ἀνήρ</em></strong></span> <span class='ocrx_word' id='word_1_358' title='bbox 778 3887 885 3941; x_wconf 82' lang='lat' dir='ltr'>delebat</span> <span class='ocrx_word' id='word_1_359' title='bbox 904 3888 1023 3958; x_wconf 75' lang='lat' dir='ltr'>Geeliu83</span> <span class='ocrx_word' id='word_1_360' title='bbox 1047 3885 1202 3958; x_wconf 87' lang='grc' dir='ltr'><strong><em>κράτιστος</em></strong></span> <span class='ocrx_word' id='word_1_361' title='bbox 1219 3889 1249 3946; x_wconf 79' lang='grc' dir='ltr'><strong><em>δὲ</em></strong></span> <span class='ocrx_word' id='word_1_362' title='bbox 1267 3888 1320 3944; x_wconf 84' lang='lat' dir='ltr'><strong>del.</strong></span> <span class='ocrx_word' id='word_1_363' title='bbox 1340 3889 1405 3945; x_wconf 85' lang='lat' dir='ltr'>Wil.</span> 
     </span>
    </p>

    <p class='ocr_par' dir='ltr' id='par_1_12' title="bbox 231 3965 1508 4553">
     <span class='ocr_line' id='line_1_36' title="bbox 233 3965 1423 4047; baseline 0.005 -23"><span class='ocrx_word' id='word_1_364' title='bbox 233 3977 264 4025; x_wconf 85' lang='grc'><strong><em>11</em></strong></span> <span class='ocrx_word' id='word_1_365' title='bbox 277 3973 306 4029; x_wconf 75' lang='grc' dir='ltr'><strong><em>δὲ</em></strong></span> <span class='ocrx_word' id='word_1_366' title='bbox 320 3974 406 4027; x_wconf 88' lang='lat' dir='ltr'><strong>om.P</strong></span> <span class='ocrx_word' id='word_1_367' title='bbox 477 3979 508 4027; x_wconf 85' lang='lat'><strong><em>15</em></strong></span> <span class='ocrx_word' id='word_1_368' title='bbox 528 3965 645 4029; x_wconf 81' lang='grc' dir='ltr'><strong><em>οὗόέν1ί</em></strong></span> <span class='ocrx_word' id='word_1_369' title='bbox 717 3977 745 4024; x_wconf 81' lang='lat' dir='ltr'><strong><em>ii</em></strong></span> <span class='ocrx_word' id='word_1_370' title='bbox 765 3973 875 4043; x_wconf 80' lang='grc' dir='ltr'><strong><em>γίνεται</em></strong></span> <span class='ocrx_word' id='word_1_371' title='bbox 892 3973 955 4027; x_wconf 88' lang='lat' dir='ltr'>libri</span> <span class='ocrx_word' id='word_1_372' title='bbox 1026 3978 1056 4028; x_wconf 82' lang='lat'><strong><em>18</em></strong></span> <span class='ocrx_word' id='word_1_373' title='bbox 1074 3967 1091 4046; x_wconf 84' lang='grc' dir='ltr'><strong><em>ή</em></strong></span> <span class='ocrx_word' id='word_1_374' title='bbox 1108 3974 1158 4040; x_wconf 85' lang='lat' dir='ltr'>(vel</span> <span class='ocrx_word' id='word_1_375' title='bbox 1175 3970 1202 4046; x_wconf 75' lang='grc' dir='ltr'><strong><em>ή)</em></strong></span> <span class='ocrx_word' id='word_1_376' title='bbox 1223 3965 1357 4047; x_wconf 83' lang='grc' dir='ltr'><strong><em>πλήξασα</em></strong></span> <span class='ocrx_word' id='word_1_377' title='bbox 1374 3975 1423 4032; x_wconf 90' lang='lat' dir='ltr'><strong><em>UB</em></strong></span> 
     </span>
     <span class='ocr_line' id='line_1_37' title="bbox 233 4055 1508 4130; baseline 0 -17"><span class='ocrx_word' id='word_1_378' title='bbox 233 4058 409 4128; x_wconf 64' lang='grc' dir='ltr'><strong><em>συφεῦναν</em></strong></span> <span class='ocrx_word' id='word_1_379' title='bbox 498 4062 528 4112; x_wconf 90' lang='grc'><strong><em>19</em></strong></span> <span class='ocrx_word' id='word_1_380' title='bbox 547 4058 751 4130; x_wconf 77' lang='grc' dir='ltr'><strong><em>καθείργνυσιν</em></strong></span> <span class='ocrx_word' id='word_1_381' title='bbox 770 4056 817 4110; x_wconf 92' lang='lat' dir='ltr'><strong><em>UB</em></strong></span> <span class='ocrx_word' id='word_1_382' title='bbox 904 4062 936 4112; x_wconf 87' lang='lat'><strong><em>20</em></strong></span> <span class='ocrx_word' id='word_1_383' title='bbox 954 4060 1083 4129; x_wconf 90' lang='grc' dir='ltr'><strong><em>γίνονται</em></strong></span> <span class='ocrx_word' id='word_1_384' title='bbox 1100 4059 1162 4114; x_wconf 87' lang='lat' dir='ltr'>libri</span> <span class='ocrx_word' id='word_1_385' title='bbox 1257 4062 1291 4114; x_wconf 80' lang='lat'><strong><em>22</em></strong></span> <span class='ocrx_word' id='word_1_386' title='bbox 1313 4055 1413 4118; x_wconf 84' lang='grc' dir='ltr'><strong><em>ἰάντεσ</em></strong></span> <span class='ocrx_word' id='word_1_387' title='bbox 1429 4057 1508 4114; x_wconf 84' lang='lat' dir='ltr'>libri·</span> 
     </span>
     <span class='ocr_line' id='line_1_38' title="bbox 231 4138 1483 4218; baseline 0.004 -24"><span class='ocrx_word' id='word_1_388' title='bbox 231 4144 378 4210; x_wconf 78' lang='lat' dir='ltr'>praeterB</span> <span class='ocrx_word' id='word_1_389' title='bbox 433 4143 660 4215; x_wconf 86' lang='grc' dir='ltr'><strong><em>λατρέβοντεσΡ</em></strong></span> <span class='ocrx_word' id='word_1_390' title='bbox 721 4145 752 4195; x_wconf 83' lang='lat'><strong><em>23</em></strong></span> <span class='ocrx_word' id='word_1_391' title='bbox 772 4138 878 4199; x_wconf 89' lang='grc' dir='ltr'><strong><em>ἀλλουσ</em></strong></span> <span class='ocrx_word' id='word_1_392' title='bbox 895 4142 965 4210; x_wconf 84' lang='lat' dir='ltr'>libri,</span> <span class='ocrx_word' id='word_1_393' title='bbox 985 4144 1145 4214; x_wconf 85' lang='lat' dir='ltr'>corr.Emp.</span> <span class='ocrx_word' id='word_1_394' title='bbox 1200 4147 1232 4197; x_wconf 81' lang='lat'><strong><em>25</em></strong></span> <span class='ocrx_word' id='word_1_395' title='bbox 1249 4141 1400 4218; x_wconf 83' lang='grc' dir='ltr'><strong><em>καρτερὸν</em></strong></span> <span class='ocrx_word' id='word_1_396' title='bbox 1419 4141 1483 4202; x_wconf 86' lang='grc' dir='ltr'><strong><em>ὄντα</em></strong></span> 
     </span>
     <span class='ocr_line' id='line_1_39' title="bbox 231 4218 1483 4304; baseline 0.004 -24"><span class='ocrx_word' id='word_1_397' title='bbox 231 4229 278 4281; x_wconf 89' lang='grc' dir='ltr'><strong><em>καί</em></strong></span> <span class='ocrx_word' id='word_1_398' title='bbox 291 4218 458 4298; x_wconf 83' lang='grc' dir='ltr'><strong><em>παράδοξον</em></strong></span> <span class='ocrx_word' id='word_1_399' title='bbox 470 4228 544 4284; x_wconf 88' lang='lat' dir='ltr'><strong><em>UBV</em></strong></span> <span class='ocrx_word' id='word_1_400' title='bbox 557 4231 616 4297; x_wconf 84' lang='lat' dir='ltr'><strong>(pro</strong></span> <span class='ocrx_word' id='word_1_401' title='bbox 628 4231 817 4301; x_wconf 85' lang='grc' dir='ltr'><strong><em>καρτεροῦντι</em></strong></span> <span class='ocrx_word' id='word_1_402' title='bbox 828 4231 877 4284; x_wconf 86' lang='grc' dir='ltr'><strong><em>καί</em></strong></span> <span class='ocrx_word' id='word_1_403' title='bbox 889 4229 1147 4304; x_wconf 79' lang='grc' dir='ltr'><strong><em>παραβαλλομένη)</em></strong></span> <span class='ocrx_word' id='word_1_404' title='bbox 1195 4232 1227 4284; x_wconf 83' lang='grc'><strong><em>26</em></strong></span> <span class='ocrx_word' id='word_1_405' title='bbox 1240 4233 1300 4286; x_wconf 79' lang='grc' dir='ltr'><strong><em>τῶν</em></strong></span> <span class='ocrx_word' id='word_1_406' title='bbox 1312 4224 1430 4288; x_wconf 82' lang='grc' dir='ltr'><strong><em>ἀθέτων</em></strong></span> <span class='ocrx_word' id='word_1_407' title='bbox 1440 4223 1483 4288; x_wconf 82' lang='grc' dir='ltr'><strong><em>ἀν</em></strong></span> 
     </span>
     <span class='ocr_line' id='line_1_40' title="bbox 232 4305 1453 4389; baseline 0.004 -24"><span class='ocrx_word' id='word_1_408' title='bbox 232 4307 360 4381; x_wconf 76' lang='grc' dir='ltr'><strong><em>θράπων</em></strong></span> <span class='ocrx_word' id='word_1_409' title='bbox 370 4313 416 4366; x_wconf 91' lang='lat' dir='ltr'><strong><em>UB</em></strong></span> <span class='ocrx_word' id='word_1_410' title='bbox 465 4319 495 4366; x_wconf 77' lang='lat'><strong><em>27</em></strong></span> <span class='ocrx_word' id='word_1_411' title='bbox 509 4305 612 4386; x_wconf 85' lang='grc' dir='ltr'><strong><em>πηόάσι</em></strong></span> <span class='ocrx_word' id='word_1_412' title='bbox 623 4313 643 4365; x_wconf 92' lang='grc' dir='ltr'>Ρ</span> <span class='ocrx_word' id='word_1_413' title='bbox 692 4316 724 4367; x_wconf 82' lang='grc'><strong><em>28</em></strong></span> <span class='ocrx_word' id='word_1_414' title='bbox 734 4308 887 4383; x_wconf 82' lang='grc' dir='ltr'><strong><em>χορεύουσι</em></strong></span> <span class='ocrx_word' id='word_1_415' title='bbox 897 4315 972 4369; x_wconf 88' lang='lat' dir='ltr'><strong><em>UBV</em></strong></span> <span class='ocrx_word' id='word_1_416' title='bbox 984 4310 1132 4384; x_wconf 80' lang='grc' dir='ltr'><strong><em>ἐθεώρουν</em></strong></span> <span class='ocrx_word' id='word_1_417' title='bbox 1141 4331 1191 4384; x_wconf 88' lang='lat' dir='ltr'><strong><em>pro</em></strong></span> <span class='ocrx_word' id='word_1_418' title='bbox 1204 4311 1305 4389; x_wconf 74' lang='grc' dir='ltr'><strong><em>ἑτάρων</em></strong></span> <span class='ocrx_word' id='word_1_419' title='bbox 1314 4315 1453 4372; x_wconf 74' lang='lat' dir='ltr'><strong>Schwartz</strong></span> 
     </span>
     <span class='ocr_line' id='line_1_41' title="bbox 232 4386 1484 4472; baseline 0.004 -23"><span class='ocrx_word' id='word_1_420' title='bbox 232 4392 287 4464; x_wconf 83' lang='grc' dir='ltr'><strong><em>γάρ</em></strong></span> <span class='ocrx_word' id='word_1_421' title='bbox 308 4386 356 4450; x_wconf 76' lang='grc' dir='ltr'><strong><em>ὅτε</em></strong></span> <span class='ocrx_word' id='word_1_422' title='bbox 375 4391 427 4451; x_wconf 87' lang='grc' dir='ltr'><strong><em>τὸν</em></strong></span> <span class='ocrx_word' id='word_1_423' title='bbox 439 4397 539 4452; x_wconf 84' lang='lat' dir='ltr'>Reiske</span> <span class='ocrx_word' id='word_1_424' title='bbox 557 4404 594 4461; x_wconf 89' lang='lat' dir='ltr'><strong><em>(et</em></strong></span> <span class='ocrx_word' id='word_1_425' title='bbox 611 4415 635 4452; x_wconf 86' lang='lat' dir='ltr'><strong><em>v.</em></strong></span> <span class='ocrx_word' id='word_1_426' title='bbox 650 4402 682 4452; x_wconf 82' lang='lat'><strong><em>29</em></strong></span> <span class='ocrx_word' id='word_1_427' title='bbox 702 4391 792 4464; x_wconf 75' lang='grc' dir='ltr'><strong><em>οὐδὲν)</em></strong></span> <span class='ocrx_word' id='word_1_428' title='bbox 879 4403 911 4452; x_wconf 87' lang='lat'><strong><em>30</em></strong></span> <span class='ocrx_word' id='word_1_429' title='bbox 929 4404 1027 4472; x_wconf 80' lang='grc' dir='ltr'><strong><em>Ζῆθον</em></strong></span> <span class='ocrx_word' id='word_1_430' title='bbox 1043 4399 1116 4456; x_wconf 87' lang='lat' dir='ltr'><strong><em>UBV</em></strong></span> <span class='ocrx_word' id='word_1_431' title='bbox 1134 4395 1226 4472; x_wconf 89' lang='grc' dir='ltr'><strong><em>Ζήτην</em></strong></span> <span class='ocrx_word' id='word_1_432' title='bbox 1244 4403 1343 4472; x_wconf 79' lang='grc' dir='ltr'><strong><em>Ζῆθον</em></strong></span> <span class='ocrx_word' id='word_1_433' title='bbox 1359 4400 1434 4469; x_wconf 75' lang='lat' dir='ltr'>(sici)</span> <span class='ocrx_word' id='word_1_434' title='bbox 1451 4399 1484 4466; x_wconf 85' lang='lat' dir='ltr'><strong><em>P;</em></strong></span> 
     </span>
     <span class='ocr_line' id='line_1_42' title="bbox 232 4478 845 4553; baseline 0.013 -23"><span class='ocrx_word' id='word_1_435' title='bbox 232 4480 259 4530; x_wconf 89' lang='lat' dir='ltr'><strong><em>in</em></strong></span> <span class='ocrx_word' id='word_1_436' title='bbox 276 4478 300 4530; x_wconf 91' lang='lat' dir='ltr'><strong>Y</strong></span> <span class='ocrx_word' id='word_1_437' title='bbox 319 4479 415 4532; x_wconf 86' lang='lat' dir='ltr'>desunt</span> <span class='ocrx_word' id='word_1_438' title='bbox 432 4483 513 4536; x_wconf 81' lang='lat' dir='ltr'>verba</span> <span class='ocrx_word' id='word_1_439' title='bbox 532 4478 623 4553; x_wconf 85' lang='grc' dir='ltr'><strong><em>Ζήτην</em></strong></span> <span class='ocrx_word' id='word_1_440' title='bbox 636 4480 845 4551; x_wconf 78' lang='grc' dir='ltr'><strong><em>-ἐθαύμαζον</em></strong></span> 
     </span>
    </p>
   </div>
   <div class='ocr_carea' id='block_1_6' title="bbox 0 0 1543 5160">
    <p class='ocr_par' dir='ltr' id='par_1_13' title="bbox 0 0 1543 5160">
     <span class='ocr_line' id='line_1_43' title="bbox 0 0 1543 5160; baseline 0 0"><span class='ocrx_word' id='word_1_441' title='bbox 0 0 1543 5160; x_wconf 95' lang='lat' dir='ltr'><strong><em> </em></strong></span> 
     </span>
    </p>
   </div>
  </div>
 </body>
</html>
