3068 5160
178 321 242 382 330
571 321 695 378 DlONIS
713 322 870 378 TARSIGA
886 323 1038 378 ALTERA

177 503 217 559 τά
235 493 384 580 Μηδικά.
422 497 456 557 τί
479 495 536 557 οὖν
560 498 829 581 δΣπαρτιάτης;
850 498 907 558 καί
928 499 986 559 τόν
1002 500 1168 582 νησιώτην
1191 500 1247 559 καί
1262 487 1441 560 τόνἼωνα(

175 601 232 661 καί
253 600 311 659 τδν
331 589 590 681 Ἑλλησπόντιον
615 599 716 684 ἀφείς
738 591 840 661 αὐτόν
862 595 1080 683 ἐσωφρόνιζε,
1101 602 1157 661 καί
1178 600 1220 660 τά
1243 607 1304 684 τῆς
1318 580 1427 681 Σπάρ·

176 722 236 785 της
258 702 358 783 ἐώρα,
383 706 503 783 σαφῶς
526 697 625 774 εἰδώς
647 703 699 762 δτι
718 694 794 784 [καί]
817 708 884 763 τῶν
906 704 1017 780 νόμων
1038 704 1095 764 καί
1116 709 1175 786 τῆς
1198 693 1357 776 εὐταξίας
1380 693 1427 762 οὐ·

178 799 233 864 δέν
256 798 313 864 δεῖ
324 803 404 885 περί
419 800 577 877 πλείονος
594 804 787 866 ποιεῖσθαι.
825 811 1003 887 τοιγαροῦν
1017 801 1165 884 μάλιστα
1182 794 1426 888 εὐδαιμόνησαν

126 909 167 971 50
176 905 302 966 ἐκεῖνον
325 905 383 965 τὸν
403 907 532 989 χρόνον.
572 911 645 979 τοῖς
669 901 704 966 δέ
717 897 918 989 Ἀθηναίοις
942 907 1072 990 συνέβη,
1095 910 1192 989 μέχρι
1213 907 1276 984 μὲν
1300 905 1450 978 οίκείωςί

177 1008 264 1090 πρὸς
287 997 409 1081 α’τοδς
432 1008 469 1067 αί
492 1003 610 1082 πόλεις
633 1006 722 1087 εἶχον
747 1001 838 1089 (καί)
859 1000 935 1069 κατ’
968 1009 1101 1071 εόνοιαν
1122 1013 1281 1093 ηγοῦντο,
1308 1026 1326 1063 κ
1350 1006 1425 1085 μετά

176 1117 280 1171 ταῦτα
305 1106 350 1186 δέ,
375 1111 421 1183 ὡς
443 1106 631 1194 ἐγκλήματα
653 1111 709 1172 καί
733 1111 867 1194 φθόνος
890 1100 1006 1185 αὐτοῖς
1030 1106 1184 1194 συνελέγη
1207 1110 1333 1194 καὶμὴ
1358 1109 1426 1188 βοο-

177 1208 325 1290 λομένων
356 1212 469 1295 ἀρχειν
498 1208 629 1295 ῆξίοον,
659 1209 769 1273 πολλὰ
798 1214 854 1274 καί
877 1209 1016 1297 δυσχερῆ
1041 1213 1187 1274 παθεῖν·
1215 1213 1273 1273 καί
1296 1217 1425 1295 πρῶτον

174 1315 236 1393 μὲν
258 1313 419 1374 ἀπάντων
442 1311 612 1376 ἀπολέσαι
633 1316 691 1376 τόν
713 1316 855 1377 ἔπαινον
877 1316 933 1376 καί
954 1317 1013 1399 την
1030 1306 1209 1399 εὐφημίαν,
1232 1313 1357 1374 ἔπειτα
1379 1313 1427 1372 καὶ

175 1416 235 1499 την
250 1415 410 1492 ίσχόνκαί
421 1415 462 1475 τά
472 1417 636 1500 χρήματα,
652 1418 708 1478 καὶ
722 1413 914 1478 τελευταῖον
929 1418 997 1478 ὑπὸ
1013 1421 1086 1490 τοῖς
1100 1416 1240 1494 ἐχθροῖς
1255 1414 1427 1496 γενέσθαι·
1443 1426 1473 1479 b*

174 1517 231 1578 καί
259 1521 332 1589 τοῖς
354 1514 644 1595 Λακεδαιμονίοις
673 1520 814 1596 ομοίως,
848 1516 967 1603 ἐπειδη
998 1520 1146 1580 κάκεῖνοι
1174 1513 1280 1578 πάλιν
1303 1515 1427 1597 εἴχοντο

175 1626 235 1702 τῆς
257 1618 370 1702 ἀρχῆς,
393 1618 604 1692 ἀποστάντες
626 1627 685 1703 τῆς
708 1621 873 1702 πρότερον
896 1612 1036 1701 [αὐτοῖς]
1058 1621 1203 1703 γνώμης,
1226 1620 1261 1679 ἐν
1278 1624 1355 1695 τοῖς
1378 1621 1427 1682 αό-

125 1727 163 1788 51
176 1724 249 1794 τοῖς
269 1720 442 1801 γενέσθαι.
485 1722 598 1782 καίτοι
619 1722 661 1782 τό
690 1722 751 1800 μὲν
779 1720 913 1781 ἐκείνων
946 1719 1031 1798 είχεν
1062 1718 1176 1805 ἀληθῆ
1206 1717 1351 1801 δύναμιν
1380 1725 1430 1785 καί

174 1819 322 1904 μεγάλας
345 1819 523 1907 ώφελείας,
546 1825 577 1884 εί
600 1820 656 1885 δεῖ
673 1823 734 1897 τάς
757 1818 956 1898 πλεονεξίας
979 1822 1086 1894 οὕτως
1099 1819 1230 1881 καλεῖν·
1252 1823 1296 1881 τά
1310 1820 1351 1883 δὲ
1367 1832 1429 1890 τῶν

175 1932 232 1988 νῦν
255 1925 545 2010 ἀμφισβητήματα
566 1926 686 1988 καὶτὰ
711 1923 803 1987 αἴτια
827 1933 886 2010 τῆς
910 1923 1100 2002 ἀπεχθείας
1121 1923 1182 1983 κάν
1205 1922 1432 2009 αἰσχυνθῆναί
1447 1931 1468 1982 1⁵

174 2047 235 2107 μοι
265 2023 362 2089 δοκεῖ
385 2049 437 2101 τις
465 2029 506 2089 ἀν
529 2025 620 2090 ίδών.
665 2030 740 2090 ἐστι
761 2028 823 2111 γάρ
849 2023 1043 2106 ὁμοδούλων
1066 2029 1153 2111 πρὸς
1175 2020 1344 2108 ἀλλήλους
1366 2028 1429 2110 ἐρι·

176 2125 300 2205 ζόντων
323 2132 402 2214 περὶ
425 2127 525 2215 δόξης
546 2133 602 2194 καί
625 2133 812 2214 πρωτείων.
914 2131 949 2191 τί
972 2129 1047 2205 οάν;
1071 2126 1167 2190 οὐδὲν
1188 2128 1323 2210 ἀγαθόν
1340 2130 1429 2191 ἐστιν

175 2232 210 2291 ἐν
233 2229 280 2311 τῴ
301 2233 410 2314 χρόνῳ
434 2235 553 2313 τούτῳ,
577 2235 656 2316 περί
680 2231 721 2293 οό
738 2235 799 2318 χρῆ
826 2227 1048 2308 σπουδάζειν;
1071 2233 1145 2294 ἔστι
1159 2231 1201 2291 τά
1216 2235 1363 2313 μέγιστα
1378 2233 1429 2294 καί

175 2334 261 2411 μόνα
292 2330 443 2416 σπουδῆς
472 2331 551 2410 ἀξια
580 2337 635 2397 καί
657 2338 733 2396 τότε
757 2338 836 2396 όντα
858 2336 916 2397 καί
940 2341 996 2396 νῦν
1025 2334 1081 2396 καί
1110 2333 1163 2396 ἀεὶ
1191 2333 1355 2412 ἐσόμενα·
1387 2332 1429 2394 ὥν

176 2435 234 2494 οὐκ
265 2434 333 2513 ἔχει
364 2431 538 2518 δήπουθέν
568 2457 620 2510 τις
642 2433 798 2512 ἐξουσίαν
822 2427 894 2497 οὔτ’
921 2433 1011 2517 ἀλλην
1035 2439 1222 2513 παρασχεῖν
1247 2435 1322 2497 οάτε
1346 2437 1471 2521 άφε-2]

176 2532 301 2597 λέσθαι
331 2528 494 2620 [δύναται]
519 2540 577 2599 τὸν
598 2541 822 2623 κτησάμενον,
852 2529 926 2598 ἀλλ’
953 2540 1007 2600 ἀεί
1029 2540 1122 2600 ἐστιν
1145 2528 1204 2598 ἐπ’
1230 2536 1339 2618 αὐτῷ,
1369 2539 1430 2599 κάν

177 2635 316 2722 ἰδιώτης
337 2618 360 2722 ᾗ
381 2640 442 2700 κάν
465 2636 581 2715 πόλις·
605 2642 690 2723 ὑπὲρ
715 2638 761 2701 ὧν
785 2638 868 2713 ἴσως
883 2643 1090 2724 μακρότερον
1106 2637 1212 2721 λέγειν
1226 2640 1313 2721 πρός
1327 2630 1427 2716 ὑμᾶς.

125 2745 165 2806 52
176 2743 289 2803 καίτοι
309 2762 351 2820 με
376 2742 413 2802 οὐ
437 2739 579 2827 λέληθεν
602 2746 655 2804 ότι
676 2745 755 2816 τούς
780 2739 993 2827 φιλοσόφους
1016 2738 1141 2803 πολλοὶ
1161 2733 1349 2819 νομίζουσιν
1372 2742 1426 2798 ἐκ·

175 2840 265 2906 λύειν
289 2845 423 2905 ἅπαντα
446 2847 502 2906 καὶ
525 2847 654 2906 ἀνιέναι
676 2845 737 2918 τάς
759 2836 844 2928 ὑπὲρ
868 2851 935 2906 τῶν
958 2846 1165 2928 πραγμάτων
1184 2835 1343 2915 σπουδάς,
1366 2840 1426 2900 καὶ

175 2942 231 3006 διά
255 2953 355 3005 τοῦτο
378 2942 542 3025 βλάπτειν
564 2943 707 3025 μᾶλλον·
738 2947 853 3030 ὥσπερ
878 2946 913 3008 εἴ
931 2969 983 3022 τις
1005 2949 1063 3009 τὸν
1085 2945 1245 3026 μουσικὸν
1267 2937 1428 3023 βούλοιτο
1451 2955 1473 3005 ri

174 3040 412 3128 ἁρμοζόμενον,
435 3038 544 3107 ἔπειτ’
571 3048 705 3109 ἀνιόντα
729 3055 795 3110 τῶν
813 3049 975 3133 φθόγγων
991 3049 1085 3122 τινάς
1100 3048 1157 3109 καί
1172 3041 1275 3107 πάλιν
1291 3047 1428 3126 ἑτέρους

174 3149 386 3208 ἐπιτείνοντα
420 3154 597 3229 σκῶψαι*
623 3151 680 3211 τόν
711 3151 941 3228 αὐτόνεέχει
970 3148 1008 3235 δη
1039 3150 1096 3210 καί
1126 3148 1168 3208 τά
1197 3153 1264 3208 τῶν
1293 3142 1429 3207 πόλεων

125 3250 165 3312 53
176 3249 357 3331 πράγματα
381 3249 497 3324 οότως.
537 3253 574 3312 αἱ
594 3253 654 3331 μὲν
677 3253 738 3337 γάρ
756 3255 902 3337 πονηραί
923 3254 980 3314 καί
1002 3245 1189 3335 ἀνωφελεῖς
1209 3244 1359 3311 σπουδαί
1373 3249 1430 3310 καί
1441 3266 1473 3317 ια

244 3456 483 3532 2Ἑλλήσποντον
500 3463 575 3519 ΠΒΤ
644 3458 733 3522 αὐτὸν
750 3465 831 3520 UMT
901 3467 983 3520 3καί
1000 3464 1077 3532 prius
1094 3463 1148 3517 del.
1166 3461 1248 3517 Dind.
1305 3456 1430 3520 4εὐδαι·

174 3547 305 3622 μόνησαν
322 3551 345 3603 Β
364 3544 563 3622 εὐδαιμονῆσαι
580 3550 611 3603 Μ
629 3542 829 3618 εὐδαιμόνισαν
846 3548 896 3604 UT
972 3552 987 3602 6
1006 3543 1085 3619 είχον
1102 3547 1192 3616 Emp.,
1210 3542 1298 3620 ἐσχον
1315 3546 1380 3602 libri

175 3639 224 3693 καὶ
240 3635 303 3692 add.
316 3635 421 3690 Selden.
491 3636 618 3690 lacunam
636 3639 769 3703 essepost
785 3627 907 3706 ἡγοῦντο
926 3633 1118 3687 intellexerunt
1136 3632 1240 3687 Selderi
1268 3636 1296 3686 et
1314 3631 1428 3700 Reiske3

176 3721 368 3791 supplendum:
388 3712 557 3790 εὐημερῆσαι
574 3720 616 3775 vel
633 3721 688 3773 tale
705 3718 769 3788 quid
856 3724 869 3772 'l
890 3717 1031 3790 συνελέγει
1048 3719 1074 3774 U
1160 3721 1190 3770 11
1210 3725 1272 3782 τοῖς
1289 3720 1430 3774 Δακεδαι-

175 3809 288 3877 μονίοις
300 3805 408 3869 Reiske,
425 3800 492 3870 τούς
503 3805 749 3873 Λακεδαιμονίους
760 3804 823 3857 libri
877 3807 907 3855 12
920 3799 1034 3873 εἰχοντο
1047 3803 1156 3869 Reislre,
1173 3797 1253 3873 εἶχον
1265 3796 1301 3859 τά
1314 3802 1379 3858 libri

176 3886 324 3964 πρότερον
342 3883 440 3954 αὐτοῖς
451 3888 521 3953 libri,
539 3881 642 3945 αὐτοῖο
653 3892 808 3956 suspectum
821 3888 948 3956 Emperio
962 3889 1010 3942 del.
1025 3887 1106 3942 Dind.
1162 3892 1193 3941 14
1212 3880 1339 3958 ω’φελίοις
1357 3887 1388 3940 Μ

179 3980 209 4030 lb
227 3979 298 4047 δοκῇ
315 3974 387 4029 11ΒΤ
456 3969 690 4045 ἐρεθιζόντωνΒ
760 3976 792 4027 18
811 3968 871 4029 ἐστι
888 3989 939 4028 om.
958 3974 989 4028 M
1053 3979 1085 4028 20
1103 3993 1145 4039 τις
1162 3987 1214 4028 om.
1234 3972 1264 4026 M
1281 3988 1316 4026 m.
1335 3987 1377 4043 pr.

177 4053 242 4117 οὐδ’
262 4056 338 4135 άλλη
355 4059 425 4125 libri,
444 4074 514 4114 corr.
533 4058 612 4127 Emp.
700 4049 765 4114 οὐδὲ
781 4057 853 4125 libri,
873 4075 939 4113 corr.
959 4059 1040 4128 Emp.
1144 4063 1173 4112 21
1195 4052 1310 4115 δύναται
1329 4055 1430 4110 seclusi

175 4146 240 4200 item
259 4145 377 4200 Cobetus
445 4139 625 4215 κτησάμενον
642 4141 731 4211 Βωμ,
747 4139 930 4215 χρησάμενον
948 4144 1010 4198 libri
1066 4146 1115 4200 καί
1132 4159 1181 4212 pro
1200 4135 1264 4200 ἀλλ’
1283 4135 1328 4199 ἀεὶ
1347 4141 1377 4195 Μ

175 4233 224 4286 καὶ
241 4245 291 4298 pro
309 4224 365 4286 κάν
383 4229 412 4280 Μ
520 4231 552 4282 22
571 4223 654 4292 πόλις
670 4226 762 4293 Dind.,
780 4230 898 4298 πολίτης
915 4229 977 4283 libri
1066 4232 1099 4282 26
1117 4229 1208 4283 malim
1225 4222 1431 4300 ἁρμοζόμενον

175 4309 306 4384 (δρῶν),-
323 4314 395 4368 idem
412 4313 472 4367 add.
490 4312 590 4368 Reiske
607 4317 671 4380 post
689 4307 802 4370 ἀνιέντα
873 4309 970 4370 ἔπειτα
988 4313 1037 4369 ΠΤ
1106 4307 1163 4384 γάρ
1180 4329 1230 4381 pro
1249 4307 1336 4369 πάλιν
1354 4311 1384 4364 Μ

177 4402 207 4450 21
218 4396 398 4454 ἐπιτείνοντα
412 4402 526 4468 σκάφαι
536 4398 632 4465 scripsi
640 4396 820 4464 ἐντείνοντος
829 4393 899 4470 όφει
909 4398 978 4467 libri,
990 4395 1154 4454 ἐντείνοντα
1165 4388 1277 4469 σκώψει
1286 4397 1393 4452 Selden.

177 4479 230 4540 τὸν
240 4477 329 4539 αὐτὸν
338 4490 503 4552 corruptum,
514 4483 649 4538 desidero:
664 4477 703 4548 ὡς
713 4476 884 4540 τούναντίον
893 4477 972 4558 αὐτῷ
980 4478 1147 4553 πράττοντα
1218 4485 1250 4537 28
1266 4477 1393 4546 σπουδὰς
1406 4480 1428 4534 Τ
