3068 5160
224 347 264 404 64
682 343 804 398 DIONIS
823 343 874 397 ΒΕ
894 343 1020 398 REGNO

171 523 299 602 47ἐχύι,
328 522 411 605 ἔφη,
434 517 625 594 καταλύσας
647 522 772 581 ἐκεῖνον
794 512 898 600 μέχας
927 514 1086 598 βασιλεύς
1109 519 1249 595 ἐσομαι;
1285 509 1333 578 Ου’
1360 518 1477 578 τούτου

220 642 255 703 χε
277 625 380 698 ἕνεκα,
403 620 500 683 εἶπεν
523 623 728 706 ύΔιοχένης.
767 619 843 683 ούδέ
859 622 921 704 γάρ
944 628 1011 682 τῶν
1035 616 1169 681 παίδων
1192 620 1377 703 δνικήσας,
1403 621 1480 680 ὅταν

221 719 406 799 παίζωσιν,
430 726 476 797 ὡς
499 725 596 784 αύτοί
619 739 722 807 φασι,
746 720 922 803 βασιλέας,
952 721 999 804 τηῖ
1024 725 1096 784 ύντι
1118 717 1277 801 βασιλεύς
1299 721 1405 780 ἐστιν.
1452 723 1483 780 οἱ

219 831 336 904 μέντοι
359 822 481 898 παῖδες
504 824 618 886 ἴσασιν
641 828 693 886 ὅτι
714 827 733 885 δ
754 826 931 908 νενικηκὼς
952 826 1008 885 καί
1032 822 1208 905 λεχύμενος
1222 818 1385 902 βασιλεύς
1410 837 1481 882 σκυ-

221 929 365 1006 τοτόμου
387 929 461 1000 υίύς
483 929 576 988 ἐστιν
597 929 617 1011 ἢ
641 931 813 1003 τέκτονος,
842 928 898 988 καί
921 922 978 988 δεῖ
995 925 1184 1005 μανθάνειν
1217 925 1317 984 αύτύν
1341 925 1402 1008 την
1426 932 1515 985 τοῦτ

222 1031 351 1112 πατρδς
373 1033 503 1113 τέχνην·
533 1031 551 1091 δ
574 1027 610 1091 δέ
634 1026 789 1112 ἀποδράς
812 1023 928 1104 παίζει
950 1018 1034 1106 μεθ’
1060 1031 1199 1109 ἐτέρων,
1230 1018 1296 1108 [καὶ
1318 1028 1397 1087 τότε
1420 1029 1482 1105 μά-

222 1127 319 1190 λιστα
344 1129 453 1192 οἴεται
470 1125 672 1206 σπουδάζειν
688 1132 795 1192 ἐνίοτε
813 1128 848 1191 δέ
862 1132 918 1191 καί
934 1126 1053 1203 δοῦλος
1068 1125 1266 1189 καταλιπὼν
1281 1128 1340 1188 τδν
1358 1124 1482 1188 δεσπό-

170 1233 210 1296 18
221 1225 303 1315 την]
336 1230 419 1306 ἴσως
436 1232 493 1293 σύν
508 1234 564 1294 καί
578 1234 674 1311 ὑμεῖς
689 1236 843 1294 τοιούτύν
858 1253 892 1294 τι
909 1236 1050 1307 ποιεῖτε,
1074 1232 1229 1313 ἑκάτερος
1244 1229 1339 1308 ὑμῶν
1355 1227 1485 1304 παῖδας

219 1334 349 1411 ἔχοντες
365 1336 444 1407 τούς
461 1331 796 1419 συμφιλονικοῦντας,
820 1337 838 1394 ύ
852 1336 913 1414 μέν
929 1334 1067 1416 Πέρσας
1081 1333 1138 1393 καί
1153 1333 1232 1404 τούς
1258 1327 1382 1406 ἄλλους
1407 1334 1484 1406 τούς

218 1435 302 1494 κατά
325 1437 384 1519 την
404 1427 535 1512 Ἀσίαν,
567 1439 606 1496 σύ
637 1433 672 1498 δὲ
696 1434 898 1510 Μακεδόνας
925 1457 961 1498 τε
988 1437 1044 1496 καί
1065 1436 1144 1509 τούς
1172 1430 1294 1507 ἄλλους
1308 1424 1479 1518 Ἕλληνας.
1500 1448 1525 1499 10

218 1536 274 1597 καί
297 1538 412 1615 ὥσπερ
436 1540 558 1600 ἐκεῖνοι
585 1547 626 1623 τῇ
651 1541 781 1624 σφαίρᾳ
805 1533 1025 1618 στοχάζονται
1048 1532 1217 1620 ἀλλήλων,
1240 1537 1260 1597 δ
1282 1531 1318 1596 δέ
1343 1532 1484 1620 πληγείς

218 1639 369 1721 ἥττηται,
392 1642 448 1701 καί
472 1642 511 1700 σύ
535 1647 592 1702 νύν
607 1641 755 1723 Δαρείου
781 1636 923 1723 στοχάζῃ
939 1641 996 1700 καὶ
1013 1645 1076 1699 σού
1089 1639 1225 1713 ἐκεῖνος,
1247 1638 1304 1699 καὶ
1319 1640 1421 1716 τυχὸν
1444 1640 1483 1700 άν

222 1735 369 1826 πλήξαις
384 1762 420 1803 τε
436 1745 493 1804 καί
508 1739 663 1823 ἐκβάλοις
679 1745 794 1805 αύτύν·
811 1743 1090 1824 ἐπισκοπώτερος
1104 1740 1166 1823 χάρ
1183 1738 1271 1800 εἶναί
1285 1759 1347 1819 μοι
1363 1737 1483 1814 δοκεῖς,

169 1847 208 1906 49
220 1844 340 1906 ἔπειτα
357 1847 391 1906 οἱ
405 1837 481 1925 μετ’
508 1847 634 1908 ἐκείνου
651 1848 816 1929 πρότερον
833 1848 926 1919 ὄντες
942 1844 1026 1923 μετά
1045 1850 1107 1904 σού
1128 1843 1265 1903 ἔσονται
1278 1842 1337 1902 καὶ
1358 1842 1485 1902 ύποκύ-

220 1955 337 2028 ψουσι,
360 1950 416 2010 καί
440 1951 479 2009 σύ
503 1949 726 2033 ὀνομασθήσῃ
750 1944 909 2028 βασιλεύς
931 1948 1102 2007 ἁπάντων.
1148 1945 1166 2004 ύ
1191 1942 1249 2004 οὖν
1261 1933 1485 2026 Ἀλέξανδρος
1507 1959 1530 2006 15

219 2045 324 2111 πάλιν
346 2047 504 2112 ἐλυπεῖτο
526 2053 583 2112 καί
604 2051 740 2135 ἤχθετο.
787 2047 863 2110 ούδέ
885 2049 947 2131 γάρ
972 2043 1028 2132 ζην
1051 2042 1226 2127 ἐβούλετο,
1256 2045 1287 2106 εἰ
1316 2047 1361 2130 μη
1386 2045 1485 2125 βασι-

220 2147 294 2224 λεύς
317 2150 368 2236 εἴη
391 2161 451 2237 τῆς
473 2154 640 2237 Εὐρώπης
661 2155 717 2214 καί
743 2161 801 2237 τῆς
820 2143 938 2224 Ἀσίας
960 2151 1016 2211 καί
1039 2157 1097 2233 τῆς
1120 2148 1256 2231 Λιβύης
1278 2148 1337 2208 καί
1360 2145 1396 2207 εἴ
1416 2150 1483 2207 πού

169 2255 208 2315 50
219 2253 271 2324 τίς
293 2253 367 2313 ἐστι
389 2262 491 2338 νῆσος
512 2257 548 2317 ἐν
570 2253 617 2336 τῴ
630 2246 773 2335 Ὠκεανῷ
796 2257 939 2336 κειμένη.
985 2250 1179 2312 ἐπεπόνθει
1200 2249 1262 2332 χάρ
1286 2249 1485 2311 τούναντίον

217 2353 238 2435 ἢ
262 2346 522 2439 φησινὍμηρος
543 2359 602 2418 τύν
622 2349 781 2434 Ἀχιλλέα
798 2356 912 2438 νεκρὸν
929 2354 1154 2414 πεπονθέναι.
1193 2352 1320 2424 ἐκεῖνος
1340 2345 1407 2429 μὲν
1423 2352 1483 2432 χάρ

219 2451 330 2536 έλεχεν
353 2458 406 2517 ύτι
429 2451 493 2532 ζῶν
515 2455 674 2538 βούλοιτο
697 2459 856 2541 θητεύειν
1508 2469 1530 2518 21

397 2555 493 2641 ἀνδρί
516 2550 600 2643 παρ’
626 2556 768 2644 άκληρῳ,
793 2547 820 2640 ᾦ
841 2560 887 2642 μη
910 2559 1026 2638 βίοτος
1049 2555 1156 2632 πολύς
1180 2555 1242 2641 εἴη,

396 2661 416 2745 ἢ
441 2669 548 2723 πᾶσιν
570 2663 723 2723 νεκύεσσι
743 2661 1055 2744 καταφθιμένοισιν
1078 2660 1256 2720 ἀνάσσειν

220 2763 238 2822 ὁ
265 2759 303 2828 δὲ
323 2755 542 2848 Ἀλέξανδρος
566 2761 661 2825 δοκεῖ
677 2783 738 2843 μοι
760 2759 904 2823 ἑλέσθαι
927 2763 967 2822 ἂν
989 2763 1045 2823 καί
1067 2769 1128 2823 τού
1148 2763 1262 2845 τρίτου
1278 2763 1404 2844 μέρους
1419 2765 1486 2818 τῶν

222 2875 345 2951 νεκρῶν
361 2868 474 2950 άρχειν
491 2866 714 2950 άποθανώνῆ
740 2860 796 2950 ζῆν
818 2866 876 2924 τδν
900 2865 1034 2925 ἅπαντα
1049 2867 1170 2947 χρόνον
1189 2864 1274 2936 θεὸς
1296 2865 1486 2943 γενόμενος,

172 2962 352 3050 51[μύνον]
377 2970 408 3029 εί
430 2970 474 3052 μη
498 2964 657 3047 βασιλεύς
679 2971 809 3048 γένοιτο
832 2972 899 3026 τῶν
922 2962 1033 3027 ἄλλων
1055 2966 1158 3026 θεῶν.
1203 2968 1307 3044 μόνου
1339 2955 1374 3024 δ’
1402 2962 1487 3036 ἴσως
1509 2981 1530 3030 τε

224 3070 282 3129 ούκ
304 3070 345 3130 άν
367 3067 524 3152 ὑπερεῖδε
547 3076 608 3129 τού
628 3071 723 3145 Διύς,
747 3071 800 3129 δτι
815 3064 957 3148 βασιλέα
973 3064 1132 3128 καλοῦσιν
1156 3068 1256 3128 αύτδν
1279 3059 1326 3148 [οἱ
1349 3067 1487 3149 ἅνθρω-

219 3165 414 3264 ποι]·”ύθεν
436 3173 492 3232 καί
521 3163 675 3246 ἐκόλαζεν
707 3171 808 3232 αύτύν
838 3172 856 3231 δ
884 3171 1049 3253 Διογένης
1078 3170 1190 3229 πάντα
1221 3165 1362 3252 τρόπον.
1419 3170 1485 3253 ἐφη

220 3273 286 3350 σύν,
309 3265 344 3333 Ώ
365 3269 541 3354 Διόγενες,
572 3275 611 3333 σύ
634 3277 695 3352 μέν
717 3292 777 3352 μοι
801 3267 934 3347 παίζειν
958 3268 1084 3345 δοκεῖς·
1113 3271 1178 3352 ἐγὼ
1203 3266 1241 3333 δέ
1266 3271 1307 3332 ἂν
1332 3273 1486 3354 Δαρεῖον

300 3493 317 3542 4
334 3487 436 3544 παῖδέσ
453 3508 542 3559 φασιν
560 3479 605 3545 ότι
623 3488 695 3552 libri,
714 3504 782 3543 corr.
802 3488 880 3557 Emp.
969 3482 1121 3559 νενικηκδσ
1137 3487 1160 3539 Ρ
1245 3491 1260 3540 5
1278 3491 1328 3544 καί
1346 3484 1378 3558 δὴ
1396 3488 1424 3543 U

215 3578 231 3627 6
248 3575 297 3629 καί
314 3568 428 3628 τότε-
446 3571 617 3642 σπουδάζειν
634 3574 667 3629 δε
684 3589 768 3640 puero
786 3574 895 3628 ludente
913 3574 967 3627 dici
984 3575 1105 3641 potuisse
1123 3587 1178 3625 non
1197 3572 1288 3627 credo.
1308 3572 1404 3627 Totius
1424 3571 1482 3627 loci

213 3658 252 3711 ita
268 3659 325 3712 fere
342 3658 447 3711 restitui
469 3661 561 3727 potest
584 3658 729 3714 sententia:
752 3657 918 3725 καλοῖμεν
942 3663 1041 3724 παῖδες
1064 3654 1158 3714 ίσασιν
1179 3688 1208 3697 -
1228 3654 1341 3726 πατρὸς
1359 3656 1476 3729 τέχνην·

216 3737 281 3800 δδὲ
302 3736 432 3815 όποδρδις
450 3775 482 3782 -
500 3740 618 3811 ἐτέρων·
645 3740 740 3799 ἐνίοτε
764 3744 794 3800 δὲ
811 3774 844 3782 -
867 3740 1022 3814 δεσπότην·
1055 3744 1132 3811 <τῶν
1154 3743 1184 3800 δὲ
1206 3736 1320 3814 ἀνδρῶν
1343 3738 1485 3808 πολλάκις

215 3824 274 3904 ὅτῳ
291 3824 328 3886 όίν
351 3830 500 3900 βασιλείας
524 3821 605 3883 οὐδὲν
621 3831 733 3894 μᾶλλον
755 3823 885 3898 προσήκῃ
907 3824 1041 3898 βασιλεὺς
1060 3823 1281 3896 ὀνομαζόμενος
1297 3826 1414 3899 χαίρει)
1432 3832 1483 3884 καὶ

213 3909 282 3970 τότε
299 3910 424 3982 μάλιστα
443 3909 534 3969 τίεται
547 3908 725 3979 σπουδάζειν.
763 3911 825 3966 Wil.
839 3913 890 3966 del.
903 3910 998 3969 ἐνίοτε
1011 3943 1043 3952 -
1056 3908 1205 3984 δεσπότην,
1227 3918 1319 3966 cetera
1337 3920 1431 3966 servat

213 4002 229 4053 9
247 3994 314 4063 τοὺς
332 4001 565 4068 φιλονεικοῦντας
581 3997 656 4052 UBV
674 3992 745 4052 τούσ
762 4002 985 4066 φιλανικοῦντασ
1003 3998 1023 4050 Ρ
1043 4013 1113 4052 corr.
1132 3997 1232 4050 Reiske
1295 3993 1388 4054 άλονσ
1405 3997 1429 4051 Ρ

213 4087 245 4136 10
263 4078 371 4140 άλλουσ
389 4099 440 4137 om.
458 4083 508 4137 UB
595 4087 625 4137 11
644 4086 680 4152 τῇ
697 4097 748 4136 om.
767 4083 842 4137 UBV
920 4088 951 4138 12
969 4075 1112 4155 ἦττητεῐ]
1193 4085 1224 4134 14
1246 4080 1345 4151 οἳμέν
1366 4081 1483 4142 ἐκείνου

211 4167 281 4232 libri,
300 4184 370 4222 corr.
389 4168 468 4235 Emp.
533 4171 564 4223 18
582 4164 701 4224 έστινΠ
762 4171 792 4220 21
813 4160 952 4240 όνδρεῐῐί
972 4169 1074 4223 cf.0d.
1094 4172 1180 4225 1490
1235 4171 1268 4221 22
1287 4173 1357 4225 πάσι
1376 4169 1427 4225 UB

212 4256 244 4304 25
257 4244 350 4320 μόνον
364 4268 397 4306 ex
410 4253 585 4319 sequentibus
598 4267 688 4306 errore
705 4253 759 4306 huc
771 4253 886 4306 relatum
938 4249 976 4324 μὴ
990 4269 1041 4309 om.
1056 4253 1078 4306 P
1130 4250 1224 4322 μόνον
1237 4245 1301 4310 οὐδ’
1314 4250 1390 4310 ίσωσ
1400 4253 1426 4307 V

210 4332 303 4403 μόνον
320 4368 354 4375 -
371 4333 525 4406 ἄνθρωποι
542 4343 670 4406 suspecta
688 4338 751 4392 wil.
847 4341 878 4390 26
896 4332 1044 4408 ὑπερεῖδεν
1061 4338 1112 4394 UV
1204 4332 1269 4394 διδσ
1288 4338 1314 4395 εί
1329 4341 1379 4395 καί
1395 4346 1479 4407 βασι·

210 4419 260 4475 λέα
276 4421 325 4475 UB
378 4419 405 4477 οἳ
423 4418 576 4492 άνδρωποι
595 4423 694 4477 seclusi
756 4427 787 4475 21
806 4421 901 4480 πάντα
920 4419 1034 4494 τρόπον
1051 4454 1085 4464 -
1103 4414 1128 4478 αί
1146 4418 1286 4494 Διόγενεσ
1303 4438 1357 4477 om.
1376 4425 1426 4479 UB

210 4508 241 4558 28
260 4522 307 4559 σοι
324 4503 420 4572 μένῪ
471 4503 506 4562 σὺ
522 4507 621 4574 μέντοι
639 4508 752 4576 παίζειν
770 4502 823 4578 ἐφη
841 4513 936 4564 δοκεῖσ
954 4509 1003 4564 UB
1056 4501 1190 4578 άνδρεῖον
1207 4504 1263 4564 ἕλω
1286 4511 1335 4564 καί
1354 4498 1443 4565 ότιΡ
