3068 5160
566 359 702 416 ORATIO
720 359 848 414 XXXIII.
1275 357 1337 418 313

78 528 229 616 βαδίζειν
253 535 352 596 αὐτόν
375 533 554 597 ἐκέλευσεν.
599 533 662 620 ήδη
688 531 723 595 δέ
747 536 936 618 ἀποχωρῶν
959 538 1164 619 πτάρνυται·
1187 536 1338 608 κάκεῖνος

79 637 184 710 εύθύς
207 637 388 720 ἀνεβόησεν
411 639 457 711 ὡς
480 636 530 722 εἴη
554 635 714 711 κίναιδος.
843 635 916 698 εἶτα
938 629 998 697 ἐπ)
1024 637 1212 721 ἀνθρώπου
1234 638 1295 716 μὲν
1319 638 1389 699 ό55

80 740 237 822 πταρμὸς
266 735 418 822 ἐξήλεγξε
447 741 505 800 τόν
533 742 662 823 τρόπον
689 740 746 800 καί
775 741 862 823 πρός
891 735 996 800 τάλλα
1026 742 1139 800 πάντα
1163 737 1278 817 ἴσχυσε
1300 741 1339 800 τό

79 842 124 926 μή
150 836 288 901 λαθεῖν·
313 838 414 902 πόλιν
439 838 474 903 δὲ
499 841 557 901 ούκ
572 842 612 902 ἀν
628 844 662 902 έν
678 862 712 902 τι
727 849 882 903 τοιοῦτον
899 837 1058 922 διαβάλοι
1072 843 1128 903 καί
1144 837 1244 925 δόξης
1260 842 1339 902 ἀνα·

39 951 55 1002 ὅ
78 938 221 1027 πλήσειε
244 949 404 1026 πονηρᾶς,
426 943 483 1004 καί
504 935 608 1004 ταῦθ’
634 947 721 1006 ὅπου
745 948 789 1031 μή
808 942 917 1006 δεῖται
933 941 1046 1006 δεινοῦ
1059 951 1121 1004 τοῦ
1136 945 1340 1027 συνήσοντος

80 1046 173 1119 τίνος
189 1046 263 1106 έστί
279 1050 427 1128 σημεῖον.
473 1037 547 1106 ἀλλ’
573 1047 676 1128 ἔγωγε
702 1049 881 1131 πυθοίμην
903 1040 981 1127 <ἀν>
1001 1042 1109 1130 ήδέως
1131 1052 1198 1107 τῶν
1221 1047 1339 1124 ἐμπεί-

80 1168 149 1233 ρων
177 1148 246 1208 τίνι
273 1155 373 1208 τοῦτο
397 1148 504 1209 ἔοικεν
532 1149 551 1232 ή
575 1150 610 1209 τί
631 1145 791 1229 βούλεται
814 1146 943 1233 δηλοῦν.
1002 1148 1077 1209 ούτε
1099 1148 1161 1232 γὰρ
1184 1143 1340 1226 κλωσμὸς

82 1251 158 1312 ούτε
180 1252 395 1328 ποππυσμός
419 1250 494 1312 ούτε
519 1254 678 1334 συριγμός
700 1253 810 1312 ἐστιν·
833 1252 852 1335 ἢ
876 1253 968 1325 τίνος
991 1252 1082 1312 ἐστίν
1102 1251 1226 1312 οἰκεῖον
1241 1250 1339 1334 ἔργου

79 1355 137 1415 καὶ
159 1356 243 1415 πότε
265 1348 414 1431 μάλιστα
437 1355 646 1433 γιγνόμενον·
671 1353 747 1414 ούτε
768 1354 831 1438 γάρ
850 1358 1008 1432 νέμουσιν
1025 1354 1132 1427 ούτως
1149 1353 1224 1414 ούτε
1240 1353 1339 1436 ἀροῦ-

29 1461 59 1514 Μ
82 1474 135 1518 σιν
159 1457 234 1518 ούτε
256 1463 500 1540 κυνηγετοῦσιν,
527 1445 603 1514 ἀλλ)
630 1452 706 1516 οὐδὲ
730 1463 859 1518 ναυτῶν
882 1457 975 1517 ἐστιν
998 1460 1017 1537 ή
1041 1457 1147 1540 φωνή.
1192 1457 1337 1538 πότερον
1349 1450 1389 1512 56

83 1558 140 1619 ούν
163 1552 408 1636 ἀσπαζομένων
431 1552 595 1640 ἀλλήλους
617 1553 878 1641 ήκαλούντωνή
897 1555 1239 1642 φιλοφρονουμένων,·
1262 1548 1337 1618 ἀλλ’

83 1661 198 1742 ὥσπερ
221 1661 379 1738 ὑμέναιος
403 1655 490 1719 ἴδιόν
513 1679 547 1719 τι
568 1655 670 1737 μέλος
693 1660 784 1721 ἐστὶν
807 1660 947 1741 ἀρχαῖον
970 1661 1030 1721 ἐπί
1050 1666 1117 1720 τῶν
1132 1660 1338 1739 γαμούντων,

84 1761 190 1833 ούτως
211 1762 326 1833 καινός
349 1757 447 1833 οὕτος
469 1761 607 1844 εύρηται
630 1762 763 1844 ῥυθμός
786 1759 889 1844 ἀλλης
912 1763 1004 1834 τινός
1026 1765 1153 1846 έορτής.

168 1869 244 1939 ἀλλ’
263 1875 498 1938 ἀπελεύσεσθε
514 1879 775 1958 ἀγανακτοῦντες
785 1880 842 1939 καὶ
858 1875 1073 1963 λεληρηκέναι
1086 1900 1128 1958 με
1142 1882 1339 1964 φάσκοντες,

31 1989 60 2040 15
83 1983 113 2043 εί
128 1983 311 2053 τοσούτους
328 1977 446 2060 λόγους
460 1981 568 2062 μάτην
586 1976 749 2062 διεθέμην
764 1981 821 2040 καί
836 1982 924 2064 πρός
948 1977 1044 2042 οὐδὲν
1067 1987 1133 2051 τῶν
1153 1982 1338 2064 χρησίμων.

80 2080 247 2167 μηδεμίαν
276 2083 338 2165 γάρ
368 2083 404 2142 ἐκ
432 2083 553 2141 τούτου
582 2076 710 2162 βλάβην
739 2081 896 2142 ἀπαντᾶν
921 2078 1006 2164 μηδὲ
1027 2086 1140 2165 χεῖρον
1165 2084 1340 2146 οἰκεῖσθαι

10 2197 66 2249 εκ)
81 2187 140 2270 τήν
163 2182 273 2245 πόλιν.
313 2183 406 2265 παρὰ
431 2179 467 2242 δὲ
490 2187 564 2255 τοῖς
578 2173 713 2265 Ἕλλησι
736 2186 903 2267 πρότερον
927 2180 1036 2245 δεινόν
1059 2180 1168 2245 ἐδόκει
1183 2187 1222 2246 τό
1238 2206 1338 2264 μετα·
1349 2188 1389 2247 57

81 2292 185 2349 κινεῖν
207 2289 266 2371 τήν
288 2286 461 2368 μουσικήν,
484 2286 540 2346 καί
562 2283 731 2363 κατεβόων
755 2287 881 2359 πάντες
902 2291 969 2346 τῶν
985 2286 1118 2368 ῥυθμόν
1135 2287 1339 2368 εἰσαγόντων

82 2393 195 2473 έτερον
223 2389 280 2448 καί
308 2388 349 2447 τά
378 2383 461 2470 μέλη
491 2382 718 2469 ποικιλώτερα
742 2388 950 2463 ποιούντων,
977 2389 1024 2462 ὡς
1048 2385 1341 2475 διαφθειρομένης

30 2502 59 2554 Μ
82 2495 116 2553 ἐν
146 2495 219 2563 τοῖς
247 2490 412 2572 θεάτροις
434 2497 493 2574 τῆς
511 2480 675 2562 Ἑλλάδος.
723 2490 809 2549 ούτω
834 2487 968 2574 σφόδρα
991 2490 1032 2550 τά
1057 2488 1127 2552 ὦτα
1150 2489 1340 2576 ἐφύλαττον

82 2594 139 2653 καί
164 2588 365 2675 τηλικαύτην
392 2595 532 2676 ήγοῦντο
563 2588 704 2671 δύναμιν
726 2593 786 2676 τήν
809 2592 910 2675 ἀκοήν
934 2592 1036 2669 ἔχειν,
1068 2594 1156 2653 ὥστε
1177 2591 1339 2678 θηλύνειν

83 2696 142 2778 τήν
166 2691 319 2754 διάνοιαν
341 2694 397 2755 καί
419 2690 618 2754 ἀδικεῖσθαι
640 2694 682 2754 τά
704 2701 764 2778 τῆς
788 2695 1021 2776 σωφροσύνης,
1050 2695 1081 2754 εί
1103 2695 1197 2778 παρά
1220 2698 1339 2780 μικρόν

81 2792 194 2879 ἐνδοίη
218 2796 259 2855 τά
282 2804 342 2880 τῆς
364 2797 537 2875 ἁρμονίας.
583 2803 761 2879 τοιγαροῦν
785 2811 873 2879 φασι
888 2791 1195 2874 Λακεδαιμονίους,
1218 2795 1337 2882 ἐπειδή

85 2899 258 2977 Τιμόθεος
287 2899 344 2983 ήκε
373 2887 457 2981 παρ’
490 2898 626 2973 αύτούς,
657 2893 813 2982 λαμπρός
836 2899 882 2958 ῶν
904 2893 966 2980 ήδη
990 2899 1047 2958 καὶ
1071 2894 1281 2959 δυναστεύων
1304 2901 1339 2961 έν

30 3011 59 3061 25
81 3008 123 3084 τῇ
144 3007 299 3084 μουσικῇ,
323 3002 381 3084 τήν
404 3021 440 3060 τε
462 3000 611 3083 κιθάραν
635 2999 735 3061 αὐτόν
758 2996 954 3083 ἀφελέσθαι
975 3000 1032 3060 καὶ
1051 3007 1118 3061 τῶν
1131 2997 1263 3083 χορδῶν
1278 3002 1340 3075 τδς

82 3103 245 3186 περιττάς
274 3104 432 3180 ἐκτεμεῖν.
476 3104 533 3164 καί
560 3103 671 3182 ὑμεῖς,
701 3098 820 3185 ἀνδρες
846 3105 1007 3184 Ταρσεῖς,
1036 3103 1238 3186 μιμήσασθε
1260 3105 1339 3177 τούς

82 3202 392 3284 Λακεδαιμονίους,
416 3206 569 3282 ἐκτέμετε
590 3206 649 3265 τόν
672 3205 830 3286 περιττόν
855 3203 1019 3287 φθόγγον.
1151 3207 1169 3265 ό
1191 3202 1340 3280 παλαιός
1350 3205 1389 3267 58

82 3307 194 3384 μῦθός
224 3323 310 3390 φησι
338 3308 397 3390 τήν
420 3307 547 3390 Κίρκην
573 3301 796 3386 μεταβάλλειν
824 3310 898 3378 τοῖς
929 3309 1138 3389 φαρμάκοις,
1170 3309 1257 3369 ὥστε
1282 3315 1340 3381 σῦς

82 3410 138 3470 καὶ
161 3405 279 3482 λύκους
302 3405 338 3484 ἐξ
360 3408 557 3490 ἀνθρώπων
580 3409 775 3489 γίγνεσθαι·
804 3409 987 3469 καὶταῦτα
1011 3409 1222 3488 ἀπιστοῦμεν
1242 3400 1340 3492 Ὁμή-

30 3523 60 3573 θθ
82 3530 142 3594 ρυυ
166 3508 330 3592 λέγοντος,

170 3751 375 3817 Ῑπταρνοῖται
392 3741 423 3794 Μ
518 3744 667 3799 2κίνεδοσ
683 3739 714 3792 Μ
805 3741 852 3798 ἐπὶ
869 3743 944 3798 UBT
1032 3739 1101 3802 διὰ
1119 3739 1192 3801 ἄλλα
1209 3742 1272 3798 libri

82 3835 99 3883 4
121 3826 152 3887 ἓν
177 3850 203 3886 τι
227 3832 362 3885 τοιοῦτον
385 3827 496 3896 scripsi,
519 3823 550 3883 ἓν
571 3847 598 3883 τι
622 3823 733 3884 τούτων
754 3826 818 3882 libri
840 3823 881 3894 (ἓν
905 3848 931 3884 τι
954 3829 990 3894 U)
1081 3827 1174 3886 θέστί
1192 3824 1227 3886 τὸ
1247 3829 1271 3883 Τ

82 3912 119 3974 ἀν
136 3915 198 3970 εδδ.
217 3913 298 3968 Dind.
402 3907 540 3984 τέθηκεν
557 3928 606 3982 pro
629 3907 723 3970 ἔοικεν
740 3913 770 3966 Μ
873 3910 1085 3984 ὃπομπυσμδσ
1102 3915 1132 3968 Μ
1213 3906 1270 3986 ἧΒ

82 3995 214 4073 ἔργονΒ
307 3998 421 4053 9f0rt.:
452 3993 519 4054 ούτε
542 3993 599 4068 γὰρ
623 3997 740 4066 νέμουσι
765 3994 916 4070 (ξυνήθης)
940 3996 1007 4057 οὔτε
1029 3993 1149 4072 ἀροῦσιν
1237 3994 1339 4069 ἀρνοῦ-

82 4104 127 4142 σιν
149 4087 172 4140 Β
271 4089 301 4139 10
327 4077 408 4142 οὐδὲν
431 4077 526 4140 αὐτῶν
547 4081 578 4136 Μ
602 4075 667 4140 ούδέ
691 4077 786 4141 αύτυῖν
808 4082 881 4138 UBT
909 4099 977 4139 corr.
1002 4084 1106 4139 Selden.
1203 4090 1233 4139 11
1259 4091 1338 4157 φιλο-

83 4170 303 4243 φρονουμένων,
319 4163 494 4240 (οὐδαμῶς.)
512 4159 578 4224 ἀλλ’
596 4169 667 4223 εκεῖ
737 4173 769 4223 13
788 4159 906 4226 ούτωΒ
981 4173 1013 4223 14
1031 4160 1242 4226 ἀπελεύσεσθαι
1259 4169 1288 4222 Μ

85 4261 115 4310 16
132 4256 218 4329 μηδὲν
240 4255 317 4320 libri,
340 4268 409 4308 corr.
433 4252 539 4307 Selden.
632 4258 662 4306 ll
687 4256 735 4309 καί
752 4247 804 4324 τὴν
821 4254 851 4306 Μ
941 4256 974 4306 20
996 4256 1050 4323 τῆσ
1063 4249 1199 4311 Ἑλλάδοο
1221 4252 1252 4310 έν
1274 4264 1339 4312 τοῖσ

82 4337 223 4414 θεάτροισ
241 4340 303 4406 (hoc
315 4338 420 4405 ord.)'l'
496 4333 657 4407 ἐφύλαττον
674 4359 710 4395 τα
729 4328 791 4395 oica
809 4337 871 4404 (hoc
889 4335 958 4403 ord.)
976 4337 999 4390 B
1070 4343 1102 4394 23
1120 4335 1209 4415 ένδῴη
1226 4339 1289 4394 libri

83 4422 117 4484 τὸ
141 4442 192 4495 pro
215 4420 250 4483 τὰ
269 4423 320 4480 UT
406 4426 438 4478 26
462 4423 498 4478 cI.
516 4422 636 4488 XXXII,
655 4427 687 4476 67
773 4415 953 4493 μιμήσασθαι
976 4422 1007 4476 Μ
1094 4429 1126 4480 28
1150 4421 1340 4499 μεταβάλλειν

82 4507 197 4578 <τινάς>
215 4504 397 4582 φαρμάκοιςλ
467 4512 499 4562 29
517 4508 651 4579 γενέσθαι
668 4505 699 4559 Μ
