3068 5160
241 329 281 388 74
693 327 817 384 DIONIS
834 328 886 383 DE
903 327 1029 384 REGNO

241 506 275 566 οἱ
306 511 373 566 τῶν
407 501 586 589 δραμάτων
620 505 802 587 ὑποκριταί
834 504 1035 588 ἀπορρίψας
1062 500 1188 583 μεταξύ
1216 505 1276 590 τὴν
1304 507 1491 586 γυναικείαν

242 603 372 691 στολην,
389 607 509 668 ἔπειτα
527 608 733 689 στρατιώτου
749 607 842 680 τινός
856 607 875 690 ἢ
892 607 1035 691 ρητορος
1052 602 1173 690 στολὴν
1188 606 1350 689 ἀρπάσας
1362 611 1491 690 περιέρ-

160 709 221 773 109
236 729 334 788 χεται
357 710 568 792 συκοφάντης
589 709 646 769 καί
668 709 824 792 φοβερός,
848 709 963 769 ἀντίον
986 715 1075 769 πᾶσι
1096 703 1242 788 βλέπων.
1354 699 1413 793 ἀρ’
1438 709 1490 770 οόν

240 811 437 894 ἀρρενωπόν
469 830 504 871 τι
533 810 590 871 καί
624 811 744 890 σεμνόν
777 806 868 884 εἶδος
900 807 948 891 τηῖ
976 810 1119 891 τοιούτῳ
1151 806 1289 890 δαίμονι
1318 809 1489 892 πρέπειη

239 908 367 992 μᾶλλον
394 913 494 995 ύγρόν
521 931 558 972 τε
586 912 643 973 καί
670 908 849 991 μαλθακόν
856 934 867 987 ,·
897 912 1014 972 ούκούν
1043 913 1081 972 τδ
1112 913 1235 974 οἰκεῖον
1266 907 1358 991 αὐτῷ
1389 917 1519 994 σχημαι

240 1013 496 1097 προσθήσομεν,
521 1013 579 1091 οὐχ
602 1013 621 1074 δ
644 1010 876 1093 πλαττόμενος
898 1011 1052 1076 ένδύεται
1074 1009 1239 1087 πολλάκις
1256 1005 1427 1097 [ἀνδρεῖον
1442 1013 1491 1073 καὶ

161 1119 222 1180 110
241 1108 415 1199 φοβερόν]·
445 1115 576 1198 προΐτω
599 1133 636 1195 γε
657 1118 723 1201 μην
745 1118 782 1200 νη
806 1117 876 1178 Δία
898 1121 1035 1200 τρυφῶν
1057 1135 1094 1176 τε
1115 1115 1172 1176 καί
1192 1117 1300 1198 μύρου
1323 1115 1383 1176 καὶ
1405 1112 1489 1176 οἴνου

240 1217 425 1277 ἀποπνέων
447 1218 482 1279 ἐν
504 1215 661 1300 κροκωτῷ
676 1219 761 1299 μετδ
777 1215 909 1279 πολλοῦ
920 1218 977 1279 καί
991 1218 1135 1279 ἀτάκτου
1150 1213 1306 1297 γέλωτος,
1329 1216 1491 1296 μεθύοντι

240 1320 452 1403 προσεοικώς
468 1314 658 1399 κωμάζοντι
671 1312 757 1399 μεθ>
774 1324 900 1404 ἡμέραν
916 1316 1038 1404 ἀσελγῆ
1053 1325 1176 1398 κῶμον,
1196 1320 1389 1402 στεφάνους
1403 1318 1490 1392 τινός

240 1422 517 1505 ἐστεφανωμένος
540 1417 666 1496 ἑώλους
687 1423 746 1506 τήν
768 1442 804 1483 τε
826 1418 975 1508 κεφαλην
996 1421 1053 1482 καί
1075 1421 1155 1504 περί
1176 1417 1223 1501 τηῖ
1246 1416 1420 1504 τραχήλῳ,
1441 1422 1491 1483 καί
1508 1431 1527 1482 lt

241 1519 386 1603 πλάγιος
416 1523 618 1606 φερόμενος,
648 1523 848 1607 ὀρχούμενός
875 1545 912 1586 τε
939 1524 996 1585 καί
1025 1513 1117 1605 ᾄδων
1145 1518 1236 1608 θῆλυ
1263 1523 1322 1584 καί
1343 1523 1489 1602 ἄμουσον

161 1630 219 1691 111
239 1621 350 1705 μέλος.
403 1624 542 1705 ἀγέσθω
577 1621 613 1687 δέ
646 1627 713 1686 ύπδ
746 1632 910 1706 γυναικῶν
944 1626 1173 1704 ἀναισχύντων
1200 1625 1258 1686 καί
1285 1621 1488 1701 ἀκολάστων,

241 1723 451 1810 [ἐπιθυμιῶν
473 1747 575 1789 τινων
598 1721 794 1811 λεγομένων]
817 1724 928 1789 ἀλλων
946 1719 1004 1788 ἐπ’
1023 1723 1109 1788 ἀλλα
1125 1722 1303 1803 ἑλκουσῶν,
1326 1723 1489 1811 μηδεμίαν

240 1830 349 1890 αὐτῶν
372 1828 624 1908 ἀπωθούμενος
645 1827 729 1913 μηδὲ
752 1826 944 1912 ἀντιλέγων,
967 1825 1052 1890 ἀλλά
1071 1829 1216 1908 έτοίμως
1231 1824 1270 1913 δη
1286 1829 1345 1890 καί
1360 1829 1488 1912 προθύ-

160 1936 221 1997 112
238 1952 312 2014 μως
343 1933 579 2012 συνεπόμενος.
625 1933 662 1993 αί
684 1928 720 1993 δὲ
742 1932 827 2012 μετὰ
851 1928 981 1993 πολλοῦ
1002 1932 1156 2011 πατάγου
1177 1926 1358 2010 κυμβάλων
1382 1951 1419 1993 τε
1440 1931 1528 1992 tratti

239 2031 348 2096 αύλῶν
380 2038 548 2119 φέρουσαι
573 2035 776 2113 μαινόμενον
806 2034 906 2094 αύτδν
935 2030 1069 2118 σπουδῇ
1101 2033 1309 2116 προΐτωσαν.
1355 2035 1376 2094 ό
1402 2024 1490 2095 δ’ἐκ

237 2141 350 2215 μέσων
374 2136 552 2215 ἀναβοάτω
574 2142 642 2197 τῶν
663 2143 827 2217 γυναικῶν
850 2133 1006 2220 ὀξύτερον
1027 2137 1085 2198 καί
1102 2136 1357 2220 ἀκρατέστερον,
1382 2131 1489 2208 λευκός

239 2234 324 2298 ἰδεῖν
352 2238 409 2298 καί
438 2240 619 2322 τρυφερός,
650 2239 792 2322 αίθρίας
813 2239 871 2300 καί
893 2241 1007 2300 πόνων
1030 2239 1188 2322 ἄπειρος,
1219 2233 1415 2299 ἀποκλίνων
1436 2237 1488 2298 τόν

238 2335 418 2424 τράχηλον,
446 2339 560 2421 ύγροῖς
587 2344 661 2414 τοῖς
691 2341 819 2419 ὄμμασι
847 2338 974 2419 μάχλον
1002 2335 1225 2419 ὑποβλέπων,
1255 2340 1311 2401 ἀεί
1339 2359 1427 2402 ποτε
1454 2340 1487 2399 τό

240 2447 337 2520 σῶμα
364 2439 639 2518 καταθεώμενος,
668 2448 710 2525 τῇ
738 2449 831 2525 ψυχῇ
854 2438 890 2502 δὲ
914 2438 1009 2504 ούδέν
1032 2445 1208 2526 προσέχων
1232 2437 1310 2503 οὐδὲ
1333 2447 1410 2516 τοῖς
1430 2432 1526 2502 ὑπ’σί

159 2551 219 2613 113
240 2543 341 2627 αύτης
361 2545 680 2624 προσταττομένοις.
768 2549 887 2604 τούτου
903 2541 1180 2625 ἀγαλματοποιός
1194 2545 1214 2629 ἢ
1229 2546 1382 2629 γραφεύς
1397 2546 1488 2625 ἀναγ-

237 2639 419 2723 καζόμενος
442 2638 584 2719 είκάζειν
608 2644 666 2704 ούκ
688 2645 728 2706 ἀν
751 2646 948 2729 ὁμοιότερον
971 2643 1060 2728 άλλη)
1080 2647 1262 2730 ἐργάσαιτο
1277 2646 1297 2730 ἢ
1314 2643 1364 2728 τῷ
1379 2648 1488 2730 Σύρων

237 2742 375 2827 βασιλεῖ
387 2734 463 2827 μετ’
482 2746 646 2824 εὐνούχων
660 2748 717 2809 καί
732 2743 914 2808 παλλακῶν
930 2744 1025 2809 ἔνδον
1042 2744 1241 2828 διαβιοῦντι,
1259 2743 1488 2831 στρατοπέδου

159 2851 221 2912 114
239 2845 275 2909 δὲ
298 2848 355 2909 καί
376 2845 527 2928 πολέμου
549 2849 607 2910 καί
628 2849 751 2933 ἀγοράς
773 2849 911 2930 ἀθεάτῳ
935 2851 974 2910 τό
998 2851 1173 2933 παράπαν.
1267 2847 1488 2935 προηγείσθω
1500 2862 1526 2912 (τε

238 2947 273 3010 δὲ
288 2950 346 3011 καί
359 2951 480 3011 τούτου
496 2951 622 3036 ἀπάτη,
646 2952 734 3013 πάνυ
751 2952 860 3035 ὡραία
875 2953 932 3013 καί
947 2952 1092 3036 πιθανή,
1107 2956 1336 3036 κεκοσμημένη
1353 2954 1491 3032 κόσμοις
1510 2959 1530 3011 tt

238 3055 430 3135 πορνικοῖς,
458 3048 627 3131 μειδιῶσα
654 3053 711 3114 καί
739 3054 987 3138 ὑπισχνουμένη
1012 3050 1150 3139 πλῆθος
1172 3054 1331 3136 ἀγαθῶν,
1362 3055 1411 3130 ὡς
1433 3043 1489 3116 ἐπ’

238 3153 339 3237 αὐτην
363 3154 491 3233 ἄγουσα
513 3155 573 3238 την
596 3150 823 3233 εὐδαιμονίαν,
847 3158 911 3230 έως
933 3157 974 3218 ἀν
996 3157 1046 3231 είς
1068 3156 1107 3217 τό
1127 3156 1306 3240 βάραθρον
1320 3153 1492 3238 καταβάλῃ

239 3250 405 3331 λαθοῦσα,
429 3255 478 3328 είς
501 3251 609 3316 πολύν
631 3276 667 3317 τε
689 3257 746 3318 καὶ
767 3258 921 3341 ῥυπαρόν
942 3257 1118 3342 βόρβορον,
1142 3259 1262 3320 ἔπειτα
1285 3259 1370 3342 έάση
1386 3255 1493 3320 κυλιν-

158 3358 219 3418 115
238 3351 380 3417 δεῖσθαι
394 3356 478 3436 μετά
494 3363 562 3418 τῶν
579 3361 756 3444 στεφάνων
770 3361 827 3422 καί
842 3366 904 3421 τού
915 3367 1094 3444 κροκωτοῦ.
1180 3362 1325 3442 τοιούτῳ
1343 3356 1493 3443 δεσπότῃ

238 3453 461 3540 λατρεύουσαι
481 3460 539 3521 καί
560 3467 701 3521 τοιαῦτα
725 3464 920 3540 πάσχουσαι
939 3459 1135 3525 πλανῶνται
1148 3463 1234 3523 κατὰ
1249 3463 1308 3523 τόν
1323 3462 1402 3542 βίον
1417 3464 1497 3524 όσαι
1516 3469 1530 3520 3

322 3641 337 3691 2
355 3633 439 3696 ἕκιτα
457 3638 479 3692 P
549 3637 655 3712 στολὴν
672 3640 772 3702 πάσαο
788 3643 838 3701 UB
907 3649 923 3698 3
941 3639 1045 3717 άγριον
1062 3648 1132 3702 πᾶσι
1148 3644 1266 3718 βλέπων
1283 3643 1421 3714 (lebetum
1438 3659 1495 3700 non

235 3722 335 3778 accedo
439 3729 456 3778 4
473 3725 579 3797 πρέποι
595 3725 644 3781 VP
731 3735 745 3784 5
764 3730 791 3787 εἰ
811 3733 884 3803 γοῦν
905 3745 955 3798 pro
974 3724 1080 3788 οὐκοῦν
1097 3730 1213 3800 requirit
1229 3729 1309 3794 wit,
1334 3728 1385 3785 red
1402 3731 1497 3786 obsnt

235 3827 268 3879 γε
289 3803 345 3879 μὴν
365 3807 417 3862 ir
522 3815 537 3864 6
556 3805 690 3882 άνδρεῖον
712 3818 761 3871 καί
783 3811 916 3889 φοβερόν
939 3829 973 3869 ex
994 3815 1217 3870 antecedentibus
1239 3816 1275 3871 ab
1297 3814 1497 3885 interpolatore

234 3894 359 3961 repetita.
465 3891 560 3967 ίμὴν
583 3901 746 3970 όιατρνφῶν
769 3919 801 3956 τε
818 3900 868 3955 VB
891 3895 947 3971 μὴν
970 3894 1180 3973 όιατρυφόντεσ
1202 3901 1229 3957 U
1333 3896 1496 3975 θάσελγεῑ

233 3973 365 4053 κώμφΡ
455 3984 485 4035 10
509 3978 811 4052 έστεφανωμένοοσΡ
900 3988 928 4037 11
955 3984 1131 4056 πλαγίωσΡ
1224 3988 1255 4039 13
1278 3983 1496 4058 ἐπιθυμιῶν-

233 4064 397 4135 λεγομένων
421 4065 518 4134 delevi3
543 4071 607 4121 sunt
630 4067 703 4121 enim
719 4068 866 4136 interprete
891 4068 976 4136 magis
999 4083 1080 4137 quam
1097 4069 1185 4125 Dione
1207 4070 1288 4140 digne
1377 4076 1411 4126 14
1428 4064 1496 4130 ἀλλ’

233 4148 282 4203 UB
329 4155 360 4204 15
378 4155 488 4208 πολλοῦ
504 4147 637 4220 καμάτου
645 4151 721 4208 UBV
766 4157 797 4207 19
815 4163 881 4210 τοῖο
899 4148 1068 4223 δμμασινῐ]
1116 4159 1228 4229 μαλγον
1244 4155 1270 4212 V
1286 4152 1461 4226 μαλακὸνΡ

233 4251 306 4290 ποτε
324 4250 377 4289 om.
395 4236 445 4291 ΠΒ
532 4240 563 4290 20
581 4231 631 4294 ὑπ’
650 4231 765 4309 αὖτῇῐ]
851 4240 1240 4310 21προστασσομένοισΠΒ
1320 4245 1354 4298 23
1373 4260 1497 4316 στρατο-

234 4319 322 4375 πέδου
340 4339 373 4376 τε
389 4319 462 4386 libri,
481 4336 550 4376 corr.
569 4322 688 4378 Dindorf
756 4326 788 4375 24
806 4329 998 4395 προηγεισθαι
1015 4325 1040 4380 V
1109 4329 1142 4381 25
1159 4330 1209 4383 καί
1226 4330 1334 4385 τοῦτον
1350 4327 1428 4385 UBV

234 4398 340 4474 πιθανὴ
352 4407 401 4460 καὶ
412 4406 609 4478 κεκοσμημένη
622 4406 644 4460 Ρ
697 4411 728 4460 27
741 4422 791 4476 pro
803 4400 954 4482 καταβάλῃ
967 4414 1099 4467 λαθοῦσα
1118 4411 1226 4468 mallem
1237 4417 1448 4486 καταβαλοῦσα

234 4488 268 4540 30
286 4487 479 4559 λατρέβουοαι
497 4491 519 4545 P
