3068 5160
647 324 783 382 ORATIO
801 323 824 379 1.
1344 323 1362 380 9

110 507 171 561 τοῦ
197 501 283 574 Διός
311 503 414 580 νόμον
441 521 477 562 τε
506 502 563 562 καί
589 501 721 580 θεσμόν
750 506 860 582 κοσμῇ
886 501 943 560 καὶ
971 501 1054 582 ἀρχῇ
1084 497 1224 574 δικαίως
1251 500 1365 561 τεκαὶ

17 633 95 685 (1011)
109 598 235 677 καλῶς,
265 602 399 687 ἀγαθῆς
427 605 580 685 τυγχάνει
608 604 731 686 μοίρας
757 603 814 663 καὶ
842 598 958 675 τέλους
987 603 1157 680 εὐτυχοῦς·
1192 601 1230 675 ός
1260 592 1293 662 δ’
1323 602 1364 663 ἀν
1376 603 1416 665 46

110 703 249 786 παραβῇ
270 705 327 766 καὶ
348 705 497 788 ἀτιμάσῃ
525 708 584 766 τόν
612 706 847 788 ἐπιτρέψαντα
875 703 895 786 ἢ
920 699 1021 764 δόντα
1050 705 1109 788 τὴν
1136 701 1265 787 δωρεάν
1287 705 1365 765 ταῦ-

110 826 185 889 την,
217 802 312 867 οὐδέν
346 807 508 868 ἀπώνατο
537 814 597 891 τῇς
632 802 761 890 πολλῇς
789 801 946 880 ἐξουσίας
973 806 1030 866 καὶ
1057 802 1229 885 δυνάμεως
1261 807 1281 890 ἢ
1311 826 1365 867 το-

72 920 87 969 5
111 913 230 967 οοῦτον
252 909 355 986 μόνον
378 910 458 969 ὅσον
475 910 622 992 φανερός
637 914 725 968 πᾶσι
740 907 904 987 γενέσθαι
918 911 991 980 τοῖς
1005 898 1089 967 καθ’
1109 908 1209 968 αὐτόν
1223 909 1280 968 καὶ
1294 913 1367 982 τοῖς

111 1009 249 1090 ὕστερον
272 1010 422 1092 πονηρός
443 1010 500 1070 καὶ
522 1005 710 1080 ἀκόλαστος
733 1009 793 1084 ών,
823 1009 881 1069 τόν
909 1008 1143 1087 μυθευόμενον
1167 1009 1368 1082 Φαέθοντος

112 1106 361 1193 ἀναπληρώσας
384 1114 526 1189 πότμον,
550 1111 609 1170 άτε
633 1111 772 1193 ἰσχυροῦ
790 1111 847 1170 καὶ
868 1109 969 1170 θείου
992 1109 1086 1191 παρὰ
1102 1114 1225 1192 μοῖραν
1243 1110 1367 1190 ἐπιβάς

113 1212 271 1294 ἅρματος,
296 1213 354 1290 οὐχ
379 1214 491 1286 ἱκανός
513 1214 560 1273 ών
581 1213 725 1296 ηνίοχος.
772 1208 860 1291 λέγει
884 1207 919 1271 δέ
941 1212 998 1271 καὶ
1013 1203 1160 1295 ’Όμηρος
1187 1207 1255 1271 ώδέ
1276 1214 1416 1285 πως·47

265 1313 303 1387 δς
324 1316 386 1394 μὲν
409 1315 541 1398 ἀπηνὴς
564 1314 665 1386 αῦτός
687 1314 723 1395 ἔῃ
745 1314 803 1374 καὶ
824 1314 956 1397 ἀπηνέα
979 1308 1070 1395 είδῇ,

61 1427 90 1477 1ο
264 1413 312 1495 τῷ
336 1412 371 1476 δέ
394 1421 606 1498 καταρῶνται
628 1416 754 1487 πάντες
775 1414 893 1497 βροτοὶ
915 1405 1008 1495 ἄλγε’
1035 1415 1171 1475 ὀπίσσω

265 1511 350 1596 ζωῷ,
374 1516 459 1600 ἀτάρ
482 1516 649 1578 τεθνεῶτί
669 1506 702 1596 γ’
728 1517 965 1599 ἐφεψιόωνται
987 1518 1151 1590 ἅπαντες·

265 1617 302 1690 δς
326 1608 358 1677 δ’
384 1618 425 1678 ἀν
447 1618 588 1697 ἀμύμων
612 1617 714 1690 αὐτός
737 1617 774 1699 ἔῃ
796 1619 853 1678 καὶ
875 1618 1030 1697 ἀμύμονα
1053 1615 1143 1702 είδῇ,

264 1726 326 1780 τοῦ
345 1723 462 1797 μέντοι
483 1715 580 1792 κλέος
602 1719 679 1803 εάρό
703 1716 760 1780 διά
784 1715 889 1795 ξεῖνοι
913 1724 1079 1804 φορέουσι

265 1822 397 1894 πάντας
413 1812 472 1881 ἐπ’
490 1821 708 1904 ἀνθρώπους,
725 1817 851 1882 πολλοί
865 1825 903 1882 τέ
917 1843 975 1900 μιν
991 1818 1118 1882 ἐσθλόν
1134 1822 1260 1882 ἔειπον.

62 1937 89 1986 15
198 1924 236 1983 τό
255 1924 315 2002 μέν
341 1921 398 1983 οόν
421 1924 511 2001 ἐμόν,
535 1925 619 2005 όπερ
643 1923 739 2007 ἔφην,
762 1919 885 2007 ἥδιστα
907 1924 963 1984 καὶ
985 1923 1234 2006 προθυμότατα
1250 1929 1369 1983 τοῦτον
1379 1925 1420 1987 48

113 2016 246 2104 εἴποιμ’
278 2025 318 2085 ἀν
352 2026 410 2086 τόν
443 2021 556 2105 λόγον,
585 2026 643 2085 τόν
665 2026 752 2108 ὑπὲρ
782 2032 844 2085 τοῦ
863 2025 950 2097 Διός
977 2026 1033 2085 καὶ
1065 2032 1125 2109 της
1153 2030 1214 2083 τοῦ
1241 2025 1370 2096 παντός

115 2129 258 2212 φάσεως.
303 2127 381 2187 ἐπεὶ
404 2122 440 2186 δέ
464 2122 591 2187 πλείων
614 2128 688 2187 ἐστί
711 2119 864 2207 [παντὸς]
889 2132 951 2186 τοῦ
970 2131 1092 2208 καιροῦ
1111 2132 1173 2185 τοῦ
1199 2128 1370 2208 παρόντος

113 2230 169 2291 καὶ
191 2225 349 2307 δεόμενος
371 2223 581 2302 ἀποδείξεων
604 2228 865 2311 ἀκριβεστέρων,
895 2227 999 2300 αὖθίς
1026 2245 1112 2288 ποτε
1138 2225 1222 2301 ἴσως
1243 2217 1368 2309 γένοιτ’

114 2332 154 2392 ἂν
178 2327 277 2415 σχολῇ
304 2325 456 2390 διελθεῖν
480 2328 589 2390 αὐτόν.
635 2330 667 2389 εί
690 2320 723 2389 δ’
749 2330 815 2412 ἀρα
836 2329 949 2406 μῦθον
972 2325 1109 2402 ἐθέλοις
1124 2329 1199 2390 τινὰ
1216 2330 1369 2405 ἀκοῦσαι,
1382 2332 1421 2394 49

62 2445 93 2496 ιθ
113 2429 238 2511 μάλλον
262 2429 297 2493 δέ
322 2433 412 2516 ἱερόν
434 2433 490 2493 καὶ
510 2432 586 2515 ὑγιῆ
616 2427 713 2513 λόγον
738 2432 882 2515 σχήματι
910 2430 1024 2509 μόθου
1055 2427 1241 2510 λεγόμενον,
1272 2432 1370 2508 τυχόν

117 2535 174 2596 οῦκ
195 2537 326 2609 ἄτοπός
351 2549 406 2596 σοι
430 2536 618 2619 φανήσεται
640 2540 697 2594 νῦν
719 2553 755 2594 τε
777 2534 834 2594 καὶ
861 2533 1000 2615 όστερον
1023 2533 1262 2612 ἐνθυμουμένῳ
1285 2532 1370 2592 κατὰ

117 2639 239 2698 σαυτόν
262 2636 299 2698 δν
321 2639 385 2718 ἐγώ
410 2655 494 2698 ποτε
524 2637 650 2720 ἤκουσα
676 2637 832 2715 γυναικός
849 2625 984 2706 Ἠλείας
1013 2626 1043 2716 [η
1064 2625 1255 2716 Ἀρκαδίας]
1284 2635 1370 2716 ὑπὲρ

112 2729 310 2821 Ἡρακλέους
333 2735 561 2821 διηγουμένης.

201 2841 248 2912 ὡς
272 2840 335 2923 γάρ
366 2841 480 2918 ἔτυχον
510 2841 545 2901 ἐν
573 2847 615 2923 τῇ
643 2847 732 2923 φυγῇ
761 2858 846 2900 ποτε
875 2835 1061 2917 ἀλώμενος·
1091 2838 1149 2898 καὶ
1178 2833 1307 2921 πολλήν
1335 2856 1371 2918 γε
1382 2842 1422 2902 50

62 2953 93 3002 25
113 2944 211 3024 χάριν
236 2938 312 3001 οἶδα
335 2947 408 3015 τοῖς
422 2943 538 3017 θεοῖς,
568 2944 621 3002 ότι
642 2961 683 3019 με
701 2941 758 3001 οῦκ
773 2940 892 3002 εἴασαν
907 2941 1036 3025 θεατην
1051 2939 1214 3021 γενέσθαι
1235 2936 1371 3001 πολλῶν

19 3061 58 3112 (11
67 3058 100 3104 ιο
116 3044 173 3102 καὶ
194 3038 318 3102 ἀδίκων
342 3045 564 3126 πραγμάτων·
588 3036 707 3126 ἐπῇειν
730 3035 762 3104 δ’
789 3043 846 3104 οὖν
870 3044 916 3116 ὡς
938 3039 1104 3125 ἐδυνάμην
1128 3039 1290 3127 πλείστην
1312 3050 1371 3128 γῇν

118 3145 153 3204 ἐν
176 3144 318 3226 ἀγύρτου
343 3145 488 3227 σχήματι
508 3146 565 3205 καὶ
581 3142 693 3228 στολῇ,
716 3151 816 3205 τοῦτο
838 3146 899 3222 μὲν
922 3136 1188 3228 παρ”Έλληνας,
1212 3153 1310 3207 τοῦτο
1336 3141 1371 3206 δέ

118 3246 212 3329 παρὰ
235 3245 436 3327 βαρβάρους,

273 3341 410 3420 αίτίζων
432 3341 582 3419 ἀκόλους,
607 3346 665 3405 οὐκ
687 3347 793 3428 ἀορας
817 3343 892 3406 οόδέ
917 3342 1067 3429 λέβητας.

65 3462 94 3510 3⁰
118 3450 174 3509 καὶ
203 3445 242 3532 δή
273 3467 358 3508 ποτε
387 3432 593 3530 ἀφικόμενος
621 3447 670 3518 είς
693 3443 956 3530 Πελοπόννησον
984 3452 1060 3520 ταῖς
1081 3450 1143 3526 μὲν
1169 3446 1310 3510 πόλεσιν
1335 3449 1372 3509 οῦ

120 3553 207 3610 πάνυ
231 3547 405 3632 προσῄειν,
430 3549 510 3631 περὶ
533 3543 568 3607 δὲ
591 3548 650 3631 την
669 3549 781 3630 χώραν
799 3544 976 3630 διέτριβον,
1000 3551 1059 3609 ἀτε
1075 3546 1203 3633 πολλὴν
1221 3551 1421 3632 ἱστορίαν51

119 3652 270 3730 ἔχουσαν,
294 3657 432 3729 νομεῦσι
454 3651 510 3710 καὶ
531 3653 736 3733 κυνηγέταις,
759 3651 926 3731 γενναίοις
955 3651 1070 3712 τεκαὶ
1093 3647 1218 3722 ἁπλοῖς
1239 3651 1372 3734 ἤθεσιν,

203 3884 217 3934 3
237 3884 286 3937 καί
303 3878 390 3938 δόντα
408 3882 488 3951 Emp.
576 3878 681 3957 ἀορεάν
699 3883 720 3935 Ρ
822 3882 930 3936 mallem
946 3882 1042 3936 abesse
1058 3879 1255 3954 ἐπιτρέψαντα
1272 3879 1291 3954 ἢ

118 3970 135 4020 4
152 3959 291 4024 ἀπώνατο
310 3970 369 4022 τῶν
386 3961 445 4023 ἀπὸ
464 3971 518 4036 τῆσ
535 3967 608 4023 UBV
669 3971 684 4020 8
704 3961 853 4038 ὀχήματοσ
871 3967 930 4021 PW
989 3971 1005 4022 9
1022 3965 1102 4022 Hom.
1122 3967 1172 4021 od.
1191 3987 1207 4022 τ
1226 3971 1321 4035 329sq.

121 4055 148 4106 11
169 4052 292 4120 ζώντιλί
353 4054 494 4124 τεθνηώτί
510 4044 542 4123 γ’
562 4051 667 4106 UBPW
680 4047 814 4123 τεθνηότι
831 4045 863 4123 γ’
880 4053 906 4107 V
923 4049 1082 4124 ἐφιοωνται
1098 4053 1124 4107 V
1189 4057 1220 4107 13
1233 4048 1372 4124 φορεόον-

119 4137 207 4193 σινλί
283 4141 315 4190 14
333 4136 362 4191 δέ
378 4152 429 4205 pro
447 4135 479 4192 τέ
496 4137 545 4192 UB
630 4131 955 4204 eluovPam.pr.W
1043 4143 1073 4191 15
1092 4128 1185 4209 ἥδιστ’
1204 4132 1241 4194 ἀν
1258 4137 1306 4191 UB

121 4227 150 4276 17
163 4218 265 4280 πλεῖόν
276 4220 337 4278 ἐστι
349 4221 396 4276 UB
443 4222 553 4286 παντὸς
564 4222 664 4277 seclusi
717 4225 747 4277 18
759 4221 897 4291 δεομένου
909 4221 956 4276 UB
1003 4227 1035 4276 20
1047 4217 1110 4294 ὑγιῆ
1121 4225 1170 4278 καὶ
1181 4217 1262 4294 ἱερὸν
1276 4222 1322 4276 UB

118 4305 150 4364 ἐν
167 4303 291 4379 σχήματι
308 4310 342 4371 E,
359 4305 478 4375 praefert
495 4306 559 4361 wil.
646 4310 676 4360 21
697 4301 850 4364 ἀτονοσἾ
943 4311 975 4360 22
993 4302 1011 4376 ἢ
1026 4302 1173 4378 Ἀρκαδίας
1190 4308 1288 4362 seclusi

120 4399 151 4447 25
169 4396 218 4449 καὶ
235 4409 286 4446 om.
306 4392 364 4446 PW
428 4386 456 4448 δ’
476 4382 618 4460 οάνΕιορ,
631 4395 703 4458 γοῦν
720 4392 783 4447 libri
847 4397 879 4446 26
897 4388 1065 4464 τιλὴοτηνῖ
1129 4395 1160 4446 27
1179 4388 1322 4465 ἐληνασΡ

120 4482 152 4534 29
171 4469 299 4535 ἀκόιουσ
316 4477 353 4531 W
438 4477 516 4531 Hom.
535 4476 584 4531 od.
605 4480 684 4548 0222
772 4481 804 4531 30
821 4472 1064 4549 πελοπόνησονΡ
1144 4469 1373 4550 ἀφηκόμενοσλί
