3068 5160
586 353 722 410 ORATIO
741 354 801 409 Vll.
1257 357 1320 415 213
1372 356 1373 361 ’

67 555 112 608 ως
128 528 436 614 ἐπαγγελλομένους
454 530 652 614 βοηθήσειν,
675 531 731 591 καί
754 525 910 590 ἀδικοῦσι
924 527 965 587 τά
981 533 1133 610 μέγιστα,
1157 534 1213 594 καὶ
1229 534 1322 594 ἀναι-

69 636 262 717 σχυντήσειν
288 634 374 716 ὑπὲρ
402 639 469 693 τῶν
498 628 684 714 ἀλλοτρίων
714 628 930 713 ἀδικημάτων
951 631 1007 691 καί
1035 629 1243 710 σχετλιάσειν
1268 638 1325 698 καί

68 737 328 822 βοήσεσθαικαί
342 736 521 796 ἱκετεύσειν
533 735 619 818 ὑπὲρ
631 739 697 794 τῶν
714 733 789 793 οότε
806 727 915 816 φίλων
932 732 1007 794 οότε
1025 742 1187 815 συγγενῶν
1205 738 1325 821 σφίσιν
1381 783 1383 787 -

69 842 189 915 όντων,
221 834 354 923 σφόδρα
377 837 532 915 ἐντίμους
560 836 616 896 καί
646 832 822 919 λαμπροὺς
845 835 954 908 ἐνίους
977 833 1065 896 εἶναι
1088 833 1267 913 δοκοῦντας
1290 843 1325 901 ἐν

31 950 109 1025 στῇ
133 937 249 1016 πόλει,
279 931 355 1000 obli
386 945 541 998 τοιοῦτον
572 929 692 999 οὐδένα
722 934 875 1017 ἀξιοῖμεν
904 938 945 997 ἀν
973 938 1108 998 ἐκείνων
1135 941 1324 1021 γίγνεσθαι,

69 1046 283 1126 παραχωρεῖν
321 1038 356 1102 δέ
396 1044 533 1123 ἑτέροις.
590 1045 802 1123 χειροτέχνας
834 1039 986 1123 μὲνγὰρ
1016 1035 1053 1115 ἐξ
1089 1040 1199 1102 αὐτῶν
1233 1064 1327 1120 τινας
1346 1046 1406 1108 124

69 1147 192 1227 ἀνάγκη
209 1143 383 1224 γενέσθαι,
404 1139 658 1223 γλωσσοτέχνας
674 1139 709 1203 δέ
732 1144 788 1203 καί
811 1139 1003 1218 δικοτέχνας
1026 1138 1166 1219 οὐδεμία
1190 1145 1324 1230 ἀνάγκη.

156 1248 284 1308 τούτων
309 1241 344 1306 δὲ
368 1250 435 1304 τῶν
457 1245 642 1327 εἰρημένων
670 1245 784 1305 τεκαὶ
806 1243 1053 1327 ῥηθησομένων
1083 1240 1118 1303 εί
1135 1264 1211 1306 τινα
1235 1243 1331 1309 δοκεῖ

66 1352 215 1434 χρήσιμα
234 1352 309 1421 ταῖς
334 1343 486 1422 πόλεσιν,
511 1347 626 1429 ὥσπερ
645 1338 744 1427 [ταῖς]
769 1351 825 1405 νῦν
842 1345 1064 1422 οἰκουμέναις,
1089 1344 1161 1406 οἷον
1178 1343 1216 1432 δὴ
1243 1347 1326 1424 ἴσως

18 1461 45 1510 10
68 1455 105 1512 ιδ
131 1452 209 1534 περί
231 1452 290 1534 τήν
313 1455 379 1510 τῶν
403 1445 504 1509 δικῶν
534 1447 731 1531 ἀναγραφὴν
753 1447 897 1507 καὶτῶν
922 1442 1152 1526 συμβολαίων,
1181 1451 1265 1527 τάχα
1289 1448 1326 1512 δέ

68 1556 124 1615 καί
145 1553 363 1637 κηρυγμάτων
386 1550 494 1625 ἐνίων,
518 1551 613 1622 όπιος
636 1549 677 1608 ἀν
698 1538 797 1631 ἢδην’
824 1545 870 1608 ὧν
885 1549 1062 1628 γιγνόμενα
1079 1550 1199 1631 ἥκιστα
1216 1552 1257 1612 ἀν
1273 1549 1324 1638 εἴη

69 1653 234 1736 βλαβερά,
266 1654 303 1713 οδ
333 1659 389 1713 νῖν
418 1653 536 1735 καιρός
559 1651 634 1711 ἐστι
657 1643 826 1733 διορίζειν.
874 1650 911 1709 οὐ
934 1650 996 1732 γάρ
1020 1647 1197 1712 πολιτείαν
1221 1655 1256 1714 ἐν
1278 1651 1328 1736 τῷ
1347 1656 1407 1717 125

70 1758 215 1837 παρόντι
245 1752 486 1832 διατάττομεν,
519 1753 624 1813 ὁποία
657 1772 710 1824 τις
733 1752 773 1812 ἀν
795 1751 814 1834 ἢ
839 1751 959 1834 ἀρίστη
988 1754 1162 1836 γένοιτοῆ
1191 1751 1327 1817 πολλῶν

67 1859 223 1936 ἀμείνων,
249 1853 333 1916 ἀλλά
354 1857 433 1938 περὶ
450 1855 570 1928 πενίας
587 1853 815 1936 προυθέμεθα
833 1853 944 1913 είπεῖν
961 1854 1007 1926 ὡς
1024 1854 1081 1914 οὐκ
1104 1855 1219 1937 άπορα
1244 1858 1328 1940 αὐτῇ

17 1970 45 2019 15
70 1960 110 2018 τά
135 1960 317 2042 πράγματά
340 1959 449 2032 ἐστιν,
478 1946 567 2038 ᾗπερ
591 1951 687 2016 δοκεῖ
711 1959 784 2027 τοῖς
807 1950 949 2026 πολλοῖς
973 1954 1054 2037 αὐτή
1078 1975 1114 2015 τε
1137 1953 1225 2017 εἶναι
1249 1978 1327 2041 φευ-

69 2063 146 2120 κτόν
169 2061 225 2120 καί
247 2062 357 2134 κακόν,
381 2054 466 2117 ἀλλά
482 2057 604 2139 μυρίας
620 2057 779 2140 ἀφορμάς
795 2057 882 2140 πρός
898 2057 936 2115 τδ
953 2050 1010 2140 ζῆν
1027 2061 1167 2140 παρέχει
1182 2063 1255 2133 τοῖς
1272 2061 1328 2120 αό-

69 2165 219 2243 τουργεῖν
235 2156 454 2239 βουλομένοις
472 2159 547 2218 σότε
563 2159 755 2241 ἀσχήμονας
772 2158 847 2219 οὔτε
859 2154 1036 2241 βλαβεράς.
1064 2160 1134 2220 ἀπό
1150 2160 1212 2243 γάρ
1226 2162 1328 2246 αὐτῆς
1347 2163 1407 2225 126

70 2265 171 2347 ἀρχῆς
186 2264 310 2345 ταύτης
325 2260 366 2320 τά
384 2261 463 2343 περί
484 2261 647 2344 γεωργίας
669 2261 725 2321 καί
749 2259 859 2343 θήρας
882 2262 1147 2345 προυτράπημεν
1170 2259 1328 2345 προδιελ-

70 2366 147 2426 δεῖν
160 2365 220 2425 ἐπὶ
232 2360 336 2424 πλέον
349 2365 524 2445 πρότερον,
540 2363 596 2422 καί
608 2368 665 2422 νῦν
677 2362 756 2445 περί
767 2368 834 2422 τῶν
848 2362 933 2422 κατά
946 2364 1030 2423 ἀστυ
1048 2365 1223 2446 ἐργασιῶν,
1239 2366 1327 2439 τίνες

17 2479 46 2527 20
71 2468 178 2526 αὐτῶν
192 2470 387 2548 πρέπουσαι
398 2466 454 2526 καί
466 2461 627 2544 ἀβλαβεῖς
638 2468 711 2537 τοῖς
722 2465 766 2548 μη
782 2465 923 2524 κάκιστα
935 2465 1161 2544 βιωσομένοις
1171 2468 1227 2527 καί
1239 2468 1327 2541 τίνες

69 2570 203 2650 χείρους
225 2570 265 2628 ἀν
289 2563 490 2627 ἀποτελοῖεν
513 2568 591 2640 τοδς
614 2557 674 2627 ἐπ’
701 2566 819 2626 αὐτῶν.
865 2567 896 2626 εί
920 2564 955 2627 δέ
980 2564 1090 2627 πολλά
1109 2574 1175 2629 τῶν
1199 2569 1329 2652 είρημέ-
1349 2569 1406 2631 127

71 2691 135 2730 νιυν
158 2666 308 2730 καθόλου
329 2671 478 2753 χρήσιμά
502 2670 576 2729 ἐστι
600 2670 687 2752 πρὸς
710 2664 887 2728 πολιτείαν
901 2669 957 2728 καί
976 2669 1035 2753 την
1058 2675 1120 2728 τοῦ
1141 2672 1327 2754 προσηκον-

70 2791 127 2845 τος
151 2772 297 2854 αἵρεσιν,
327 2773 431 2854 ταύτῃ
460 2772 516 2831 καί
546 2767 755 2854 δικαιότερον
787 2771 980 2853 συγγνώμην
1009 2770 1095 2848 ἔχειν
1122 2778 1183 2830 τοῦ
1203 2773 1328 2854 μήκους

70 2881 136 2934 τῶν
161 2871 281 2955 λόγων,
312 2875 364 2932 ότι
393 2863 430 2931 οὗ
461 2873 569 2954 μάτην
600 2868 710 2945 άλλιος
740 2862 816 2933 οὐδὲ
844 2874 923 2956 περὶ
945 2873 1094 2956 ἀχρηστα
1119 2869 1326 2955 πλανωμένῳ

18 2987 47 3036 25
71 2973 225 3048 πλείονες
248 2976 432 3054 γεγόνασιν.
477 2977 496 3056 η
525 2973 587 3056 γάρ
617 2975 696 3056 περὶ
718 2975 883 3056 ἐργασιῶν
905 2976 961 3036 καί
983 2980 1105 3053 τεχνῶν
1130 2979 1251 3057 σκέψις
1272 2977 1329 3038 καί

71 3073 222 3136 καθόλου
247 3075 423 3158 περὶβίου
447 3075 677 3158 προσήκοντος
699 3076 718 3158 ἢ
742 3078 791 3159 μη
810 3081 883 3148 τοῖς
904 3078 1055 3160 μετρίοις
1082 3078 1138 3138 καί
1158 3069 1243 3138 καθ’
1271 3081 1326 3140 αδ-

73 3181 131 3261 την
150 3173 228 3252 ἀξία
246 3180 396 3260 πέφηνεν
412 3171 541 3260 πολλῆς
562 3177 618 3237 καί
634 3178 722 3237 πάνυ
739 3178 897 3260 ἀκριβοῦς
912 3179 1072 3261 θεωρίας.
1108 3180 1170 3264 χρὴ
1189 3175 1246 3238 οδν
1269 3178 1330 3254 τάς
1350 3180 1406 3242 128

10 3293 57 3338 κιο
73 3279 240 3362 ἐκτροπάς
269 3285 336 3339 τῶν
368 3274 489 3358 λόγων,
519 3278 559 3338 ἀν
588 3280 644 3339 καί
674 3275 807 3362 σφόδρα
829 3281 951 3363 μακροί
974 3277 1115 3356 δοκῶσι,
1143 3276 1188 3365 μὴ
1211 3285 1328 3360 μέντοι

164 3586 173 3632 1
196 3573 233 3650 μὴ
254 3594 303 3646 pro
321 3581 370 3633 καί
381 3577 471 3646 priore
489 3577 558 3642 libri,
578 3593 647 3632 corr.
662 3577 778 3632 casaub.
836 3573 968 3634 ἀδικοῦσί
985 3597 1016 3632 τε
1034 3574 1069 3633 τὰ
1083 3576 1161 3631 UBM
1178 3580 1227 3632 καὶ
1249 3570 1328 3634 ἀναι-

74 3659 238 3735 σχυντήσειν
249 3694 284 3705 -
296 3655 478 3732 ἀδικημάτων
490 3663 569 3730 vulgo
581 3662 707 3729 leguntur
724 3668 786 3732 posi
798 3660 830 3718 ἐν
851 3667 887 3734 τῇ
904 3653 987 3719 πόλει
1004 3678 1032 3730 p.
1045 3666 1103 3726 213,
1123 3667 1138 3714 5
1150 3662 1204 3716 huc
1221 3666 1327 3730 transp.

74 3749 191 3802 Dindorf
243 3744 453 3805 3ῒκετεόεινΡ
506 3748 738 3805 4δωιοῦντοσΡ
809 3742 977 3816 5ἀξιοῦμεν
995 3747 1065 3814 libri,
1085 3761 1153 3801 corr.
1172 3746 1275 3801 Reiske

76 3832 197 3907 ἑτέρυυσ
215 3833 239 3886 Υ
327 3838 342 3887 8
361 3854 392 3890 τε
416 3850 467 3889 om.
487 3833 533 3887 ΡΥ
631 3831 839 3907 ῥηθησομένων
862 3828 940 3890 ἐστιν
963 3825 1070 3897 ἀδοεί,
1087 3846 1157 3886 corr.
1176 3831 1258 3899 Emp.

74 3919 325 3985 9ταῖςδο1.11111.
413 3919 486 3990 λέγω
504 3914 536 3991 δὴ
554 3935 605 3988 pro
625 3913 690 3975 οίον
707 3915 739 3990 δὴ
754 3918 801 3973 UB
872 3924 903 3973 10
923 3915 1134 3990 συμβολέωνῦ
1204 3920 1233 3970 11
1253 3905 1328 3986 άνῇ

72 3998 125 4073 ὑφ’
143 4000 225 4073 ἡμῶν
242 4001 399 4075 γιγνόμενα
411 4003 480 4068 libri,
498 4019 567 4058 corr.
582 4003 678 4072 Pflugk
730 3998 774 4060 ιδσ
790 3994 892 4076 ἥκιστα
911 4003 958 4058 UB
1013 4006 1043 4056 13
1063 3999 1153 4058 ὁποῖα
1171 4000 1237 4057 τιΡ
1290 3995 1328 4057 άν

74 4083 89 4157 ἦ
110 4082 213 4159 ἀρίστη
230 4087 332 4143 BMPY
400 4083 515 4158 γένοιτο
533 4091 582 4143 καί
600 4092 662 4154 (om.
680 4086 707 4160 ἦ)
725 4089 772 4142 ΡΥ
849 4094 879 4142 11
899 4082 958 4146 ἀπὸ
977 4082 1034 4158 γάρ
1053 4076 1089 4142 αδ
1106 4089 1160 4157 τῆσ
1176 4084 1249 4140 BPY
1266 4076 1326 4142 άπὸ

75 4171 130 4244 γὰρ
148 4177 201 4245 τῇσ
218 4173 256 4240 U3
275 4174 393 4228 fortasse
410 4170 496 4242 αὐτῆς
512 4175 565 4243 τῆσ
636 4177 666 4226 19
686 4177 745 4229 τῶν
763 4177 829 4246 περὶ
846 4173 909 4240 (hoc
927 4171 995 4236 ord.)
1013 4171 1038 4227 U
1110 4171 1259 4241 γεωργιῶν
1276 4184 1326 4238 pro

75 4255 253 4328 έργασιῶνΰ
323 4261 356 4311 20
375 4273 423 4326 pro
441 4253 563 4313 κάκιστα
581 4257 661 4311 scrib.
677 4261 775 4322 κακῶς
844 4261 874 4310 21
895 4252 967 4314 τοὺσ
985 4248 1039 4314 ἀπ’
1058 4249 1153 4312 αὐτῶν
1165 4253 1244 4308 UBM
1256 4248 1327 4310 τοὺσ

74 4335 124 4412 ὑφ’
145 4338 281 4398 αὕτῶνΥ
351 4345 383 4396 22
400 4344 449 4397 καί
465 4337 596 4398 καθόλου
613 4341 693 4397 UBM
762 4337 831 4413 1ῡῆ
846 4357 897 4410 pro
915 4335 993 4413 lun
1061 4337 1204 4411 ἐργασιῶν
1221 4336 1326 4406 Pflugk,

75 4431 224 4497 γεωργιῶν
241 4431 387 4498 (γεωργῶν
398 4425 455 4492 ΡΥ)
467 4427 528 4480 libri
598 4430 630 4480 26
648 4429 699 4482 καί
708 4423 774 4483 κατ’
795 4420 882 4496 αδτὴν
893 4426 923 4480 Μ
939 4424 1027 4482 καὶεί
1042 4419 1109 4480 κατ’
1127 4418 1216 4496 αὐτὴν
1226 4421 1275 4476 UB

77 4515 106 4564 21
127 4508 235 4581 πέφηνε
254 4511 300 4564 ΡΥ
370 4504 403 4567 οό
419 4508 474 4582 χρη
493 4502 544 4566 οὖν
563 4511 609 4565 UB
