3068 5160
219 309 281 368 256
682 307 805 364 DIONIS
823 306 1011 363 RHODIACA

220 485 392 569 φέρεσθαι
415 475 463 545 δι’
490 483 688 566 ἀχαριστίαν
711 483 868 563 χίχνεται.
910 485 1015 567 φαίην
1039 471 1072 544 δ’
1098 483 1138 542 ἀν
1154 482 1257 561 έχωχε
1282 481 1387 564 παρὰ
1411 483 1486 542 τού-

219 607 293 660 τοις
313 583 398 669 μηδέ
422 577 595 668 εὐεργέτας
623 582 831 646 ἀδικεῖσθαι.
876 585 928 659 τίς
955 586 1016 666 χάρ
1048 584 1141 667 παρά
1165 585 1335 657 Καυνίοις
1368 587 1486 664 γέχονε

219 694 371 771 χενναῖος
393 689 475 771 ἀνήρ
483 709 495 762 ,·
522 688 542 770 ἢ
565 687 617 759 τίς
640 688 783 747 πώποτε
807 688 952 761 ἐκείνους
981 683 1115 768 ἀγαθόν
1144 706 1177 746 τι
1208 686 1408 768 πεποίηκεν
1416 706 1429 759 ,·
1454 686 1489 746 οῖ

218 811 254 872 χε
278 787 492 851 δουλεύουσιν
516 779 575 866 οόχ
604 789 682 868 ὑμῖν
710 785 845 868 μόνοις,
874 786 959 849 ἀλλά
988 791 1045 851 καί
1069 779 1265 865 Ῥωμαίοις,
1297 779 1351 848 δι’
1380 787 1486 872 ύπερ-

218 890 321 978 βολήν
350 893 467 966 ἀνοίας
495 892 552 953 καί
579 892 772 975 μοχθηρίας
802 888 925 976 διπλῆν
955 892 1070 964 αὐτοῖς
1097 892 1157 974 την
1186 885 1348 950 δουλείαν
1383 903 1515 952 nava-5

220 993 449 1068 σκευάσαντες.
495 1001 600 1055 ταῦτα
633 991 746 1055 δὲκαὶ
776 995 855 1076 περί
883 989 994 1053 ἀλλων
1022 1013 1075 1066 τις
1104 992 1143 1052 ἀν
1173 990 1268 1053 εἴποι
1298 997 1373 1052 τῶν
1406 993 1487 1071 δμο-

220 1094 337 1174 δόξων.

144 1203 204 1266 126
306 1200 370 1280 ἐγὼ
400 1195 435 1259 δέ
464 1200 520 1260 καὶ
541 1193 693 1258 καθόλου
716 1199 796 1270 τούς
818 1193 1013 1280 τηλικοῦτον
1036 1188 1096 1280 ἐφ’
1123 1198 1238 1269 αὐτοῖς
1262 1203 1487 1280 φρονοῦντας

219 1300 334 1387 ηλίκον
354 1303 450 1379 ὑμεῖς
474 1296 614 1372 δικαίως
637 1287 672 1358 ου’
699 1299 786 1382 πρὸς
809 1301 943 1382 ἐτέρους
965 1295 1177 1378 ἀποβλέπειν
1201 1295 1321 1376 οίόμαι
1349 1295 1427 1360 δεῖν
1452 1301 1486 1360 ἐν

221 1403 273 1477 οἷς
296 1400 514 1485 πράττουσιν,
538 1397 648 1474 ἄλλως
670 1420 705 1461 τε
728 1401 807 1473 τούς
828 1407 991 1460 τοσούτου
1010 1401 1175 1483 χείρονας,
1201 1396 1288 1461 ἀλλὰ
1305 1403 1403 1484 πρὸς
1426 1404 1487 1486 την
1505 1410 1525 1461 11

220 1510 347 1566 ἑαυτῶν
372 1499 473 1579 δόξαν
495 1503 551 1563 καί
573 1504 611 1563 τὸ
634 1509 693 1587 τῆς
716 1497 850 1574 πόλεως
873 1497 1016 1580 ἀξίωμα.
1060 1500 1192 1583 γελοῖον
1213 1502 1277 1584 γάρ
1302 1503 1346 1564 ἂν
1371 1499 1426 1587 ἦν,
1455 1506 1485 1566 εί

220 1613 287 1667 τῶν
308 1607 476 1688 ὑμετέρων
499 1624 552 1677 τις
575 1601 735 1679 πολιτῶν,
758 1605 912 1686 Δωριεύς
934 1606 1061 1678 ἐκεῖνος
1083 1592 1312 1688 ἢΛεωνίδας,
1338 1607 1405 1680 ούς
1427 1625 1483 1667 τσ-

221 1704 381 1780 σαυτάκις
404 1707 509 1791 φασίν
527 1695 735 1785 Ὀλυμπίασι
756 1713 907 1790 νικῆσαι,
931 1708 1018 1789 πρὸς
1040 1703 1141 1767 ἀλλον
1163 1707 1239 1767 τινὰ
1264 1708 1357 1791 ὁρῶν
1383 1709 1482 1790 ἐγυμ-

220 1805 347 1886 νάζετο,
370 1810 426 1870 καί
448 1806 612 1890 ταῦτάγε
635 1805 807 1892 μηδέποτε
831 1810 1107 1892 στεφανωθέντα.
1152 1813 1226 1881 τοῖς
1253 1812 1381 1885 μέντοι
1404 1814 1481 1872 Λα-

219 1909 448 1991 κεδαιμονίοις
470 1898 490 1994 ἢ
512 1915 585 1984 τοῖς
604 1902 807 1995 Ἀθηναίοις
830 1910 861 1971 εἰ
882 1906 1052 1990 βούλεσθε
1074 1904 1375 1988 ἀντεξετάζεσθαι,
1407 1921 1520 1995 συγ-11

216 2021 316 2098 χωρῶ
339 2018 412 2087 τοῖς
434 2010 513 2075 τότε
536 2013 641 2090 ούσιν,
664 2015 720 2074 ότε
744 2001 860 2086 αὐτοῖς
882 2009 1021 2086 εἰκότως
1044 2015 1084 2073 ἀν
1100 2033 1153 2086 τις
1167 2018 1234 2073 τῶν
1250 2013 1385 2090 ὁμοίων
1403 2017 1480 2094 ύμῖν

141 2119 200 2182 127
220 2117 436 2198 συνεκρίνετο.
481 2117 538 2177 καί
565 2116 628 2198 χάρ
661 2116 720 2176 τδν
749 2112 902 2200 ἀθλητὴν
932 2117 990 2176 τὸν
1022 2111 1307 2198 φιλοτιμούμενον
1337 2115 1396 2177 ἔτι
1426 2120 1482 2178 καὶ

218 2215 362 2302 μηδέπω
386 2225 654 2301 παραχωροῦντα
677 2226 736 2302 τῆς
759 2219 874 2296 ἰσχύος
898 2207 935 2277 ού
952 2218 1032 2290 τούς
1046 2223 1228 2289 νοσοῦντας
1243 2212 1389 2297 εύλοχόν
1406 2221 1480 2280 ἐστι

220 2317 474 2403 προκαλεῖσθαι
496 2326 562 2380 τῶν
585 2310 671 2379 καθ’
698 2320 798 2380 αύτδν
814 2315 960 2394 ἐνδόξων
977 2309 1054 2379 oieb
1071 2319 1149 2392 τούς
1164 2318 1372 2397 τεθνεῶτας,
1399 2313 1477 2383 ἀλλ’

222 2423 252 2482 εί
275 2422 336 2500 μὲν
359 2419 426 2482 εἶέν
448 2440 537 2494 τινες
560 2422 754 2503 ἐρρωμένοι,
781 2422 869 2503 πρδς
890 2421 1037 2493 ἐκείνους
1059 2414 1289 2500 ἀγωνίζεσθαι
1312 2424 1399 2505 περὶ
1422 2431 1522 2509 τῆςίί

221 2525 329 2606 νίκης·
353 2524 384 2584 εί
408 2519 443 2584 δέ
465 2524 522 2606 μη,
545 2519 700 2584 τοιοῦτόν
719 2543 754 2583 τι
769 2519 896 2606 πρᾶξαι
912 2516 1031 2606 ζητεῖν,
1056 2518 1231 2605 δμηδενδς
1247 2512 1350 2584 αὗτδν
1367 2525 1479 2587 ἀσθε-

219 2631 375 2708 νέστερον
399 2621 502 2701 δείξει
524 2631 591 2686 τῶν
614 2622 790 2708 πρότερον.
837 2625 937 2703 δμέν
962 2625 1019 2685 ούν
1047 2625 1142 2709 ύχιης
1172 2619 1270 2698 οὗτός
1292 2625 1367 2687 ἐστι
1393 2631 1479 2711 περὶ

219 2735 286 2790 τῶν
309 2731 473 2789 τοιούτων
497 2724 604 2808 λόχος.
651 2729 681 2788 εί
704 2724 739 2788 δέ
763 2729 828 2811 ἀρα
852 2729 1013 2810 παρεῖναί
1035 2748 1069 2788 τι
1092 2723 1152 2802 δεῖ,
1175 2727 1260 2810 μήτε
1282 2729 1367 2811 πρὸς
1389 2731 1475 2803 τούς

218 2824 306 2906 τότε,
332 2832 366 2890 οί
379 2826 465 2912 ἦσαν
480 2827 666 2912 κράτιστοι,
684 2825 960 2911 παραβάλλοντες
976 2823 1145 2904 ἐξετάζετε
1161 2831 1199 2889 τύ
1216 2836 1363 2913 προῖχμα,
1387 2831 1478 2915 μήτε

220 2934 307 3014 πρδς
329 2934 408 3005 τούς
432 2939 503 3007 νύν,
535 2932 576 3019 οίΙ
596 2927 741 3013 μηδενδς
769 2937 836 2991 τῶν
866 2926 1088 3015 φαυλοτάτων
1116 2927 1358 3015 διαφέρουσιν,
1388 2929 1523 2994 ἀλλὰύ

142 3037 202 3100 128
219 3035 306 3117 πρὸς
328 3035 407 3106 τούς
428 3037 553 3112 μέσους
576 3023 685 3093 αὐτῶν
708 3020 729 3115 ἢ
751 3033 807 3093 καί
828 3034 908 3106 τούς
929 3034 980 3094 ἔτι
1002 3034 1130 3094 τούτων
1145 3031 1337 3108 ἐλάττονας.
1378 3031 1478 3119 παρὰ
1492 3049 1526 3102 (εί

217 3136 329 3195 τοίνυν
345 3139 418 3208 τοῖς
430 3126 632 3219 Ἀθηναίοις
646 3129 731 3195 κατά
750 3130 928 3196 Φίλιππον
948 3131 1108 3214 μάλιστα,
1131 3137 1186 3196 ύτε
1208 3143 1268 3220 της
1289 3138 1478 3219 ηχεμονίας

149 3242 158 3258 ’
218 3238 557 3321 παρακεχωρήκεσαν,
594 3245 654 3321 τῆς
684 3228 715 3297 δ’
748 3232 945 3320 ἐλευθερίας
978 3233 1085 3321 μόνης
1115 3233 1237 3297 λοιπόν
1266 3237 1478 3316 ἀντείχοντο,

217 3341 396 3424 Λεπτίνης
421 3360 474 3413 τις
503 3340 671 3424 είσήνεχκε
699 3336 803 3418 νόμον
833 3340 879 3412 ὡς
904 3340 965 3423 χρὴ
996 3335 1058 3413 τὰς
1087 3335 1240 3412 ἀτελείας
1273 3336 1478 3423 ἀφελέσθαι

216 3443 296 3515 τούς
318 3442 454 3520 ἔχοντας
478 3436 573 3525 παρὰ
597 3449 659 3503 τού
680 3439 796 3526 δήμου,
821 3437 896 3520 δίχα
922 3448 988 3502 τῶν
1011 3431 1076 3524 ἀφ’
1099 3431 1280 3524 Ἁρμοδίου
1298 3442 1356 3503 καί
1380 3434 1477 3528 Ἀρι·
1498 3452 1523 3502 w

217 3545 438 3624 στοχείτονος,
453 3545 509 3606 καὶ
523 3548 642 3628 μηκέτι
657 3545 695 3603 τό
709 3539 831 3604 λοιπδν
844 3539 969 3618 ἐξεῖναι
983 3538 1117 3603 διδόναι
1128 3540 1247 3625 μηδενί
1262 3544 1321 3627 τὴν
1340 3540 1476 3630 δωρεὰν

301 3832 313 3880 1
333 3829 443 3898 γίνεται
460 3825 534 3881 ΠΒΤ
639 3829 654 3877 6
672 3824 752 3878 scrib.
775 3827 839 3894 περὶ
856 3823 950 3893 (τῶν)
972 3821 1067 3881 άλλων
1170 3827 1185 3878 8
1208 3826 1301 3880 καίτοι
1325 3841 1376 3892 pro
1402 3825 1478 3886 τοὺσ

213 3910 289 3976 libri,
315 3927 385 3964 corr.
405 3911 484 3979 Emp.
571 3902 625 3966 ἐπ’
642 3901 744 3965 αὐτοῖο
765 3909 839 3975 libri,
868 3923 937 3964 corr.
959 3907 1060 3963 Rcicke
1146 3915 1161 3963 9
1185 3911 1300 3974 δικαίως
1317 3916 1382 3978 post
1400 3933 1476 3986 φρο·

209 3999 335 4074 νούντας
356 3995 453 4050 melius
476 3994 656 4049 collocaretur
747 3997 778 4048 13
802 3992 833 4050 εί
849 4013 913 4049 τινα
935 3993 964 4047 Μ
1052 3998 1084 4047 14
1105 3991 1347 4066 έστεφανωθέντα
1371 3995 1403 4050 Μ

214 4089 246 4139 15
263 4077 425 4154 Ἀθηναίοισ
441 4075 459 4150 ἢ
477 4089 542 4136 τοῑσ
560 4080 803 4148 Λακεδαιμονίοισ
820 4080 883 4146 (boc
900 4079 970 4146 ord.)
988 4080 1012 4134 Τ
1086 4076 1246 4151 βούλεσθαι
1264 4081 1293 4133 Μ
1374 4087 1406 4136 18
1424 4105 1477 4157 μη

213 4165 363 4227 δέποτεΤ
467 4168 499 4218 20
524 4159 744 4237 άχωνίζεσθεΒ
847 4168 878 4220 21
904 4159 999 4221 αὐτῶν
1016 4165 1065 4220 UB
1175 4170 1206 4219 25
1224 4161 1355 4237 μηθενὸσ
1373 4167 1401 4219 Μ

213 4258 245 4306 26
263 4254 401 4308 desidero:
420 4245 438 4321 ἢ
456 4253 505 4306 κοιί
521 4247 661 4323 (μικρὸν)
682 4245 723 4306 ἔτι
741 4254 794 4304 etc.
899 4254 930 4303 27
952 4251 1108 4316 Φίλιππον,
1132 4249 1255 4320 μάλιστα
1280 4244 1309 4306 δ’
1329 4245 1381 4309 ότε
1398 4253 1476 4321 libri,

212 4353 282 4393 corr.
300 4337 442 4437 Reiske,
496 4338 528 4389 28
547 4329 847 4406 παρακεχωρήκασιΤ
940 4335 969 4391 δὲ
987 4335 1017 4388 Μ
1121 4339 1153 4391 29
1172 4330 1212 4402 ὡς
1227 4328 1284 4408 χρή
1301 4337 1413 4405 scripsi,
1434 4335 1476 4406 ὡς

210 4475 283 4544 χρῆν
300 4471 362 4525 libri
424 4442 579 4528 {baldac
596 4470 658 4537 (sici
679 4491 697 4526 α
716 4484 778 4524 arn.
798 4487 838 4539 pr.
857 4484 990 4539 superscr.
998 4469 1021 4534 ?)
1039 4471 1064 4526 U
