3068 5160
212 307 273 366 250
672 306 795 363 DIONIS
813 305 1002 362 RHODIACA

106 498 197 548 (34311)
213 486 314 562 όμοια
343 483 384 543 τά
414 485 547 545 ἐκείνων
576 483 695 544 καὶτὰ
718 487 870 567 ἡμέτερα.
915 486 988 555 τοῖς
1012 483 1073 560 μὲν
1095 480 1157 564 γὰρ
1179 482 1282 559 μόνον
1307 482 1485 563 ὑπάρχειν

212 587 271 670 την
304 581 501 668 ἐλευθερίαν
532 582 607 663 δίχα
633 575 844 668 Ἀθηναίων,
874 585 930 646 καί
952 585 1091 656 τούτους
1115 580 1150 643 δὲ
1178 580 1283 666 μηδέν
1307 585 1402 663 μέγα
1431 603 1485 643 κε-

212 687 378 772 κτῆσθαι·
401 689 460 771 την
485 684 520 748 δέ
537 688 699 769 ὑμετέραν
717 683 818 748 πόλιν
834 686 1030 770 ἐπίφθονον
1054 682 1142 746 εἶναι
1165 685 1259 767 παρὰ
1283 691 1410 760 πᾶσιν,
1436 687 1484 759 ὡς

214 791 337 872 όριστα
360 791 594 871 πράττουσαν·
625 785 746 871 διόπερ
775 789 858 872 αὐτῇ
881 785 1048 849 πλειόνων
1072 783 1142 848 δεῖν
1164 793 1231 847 τῶν
1255 787 1484 847 εὐνοούντων.

177 892 265 956 οέτι
289 887 324 950 δὲ
353 886 480 973 μηδένα
504 897 571 951 τῶν
590 881 761 969 Ῥωμαίων
792 886 1024 974 διαφέρεσθαι
1054 889 1148 974 παρὰ
1174 885 1290 950 τοῖσδε
1320 891 1485 964 ἑστάναι,

214 1001 273 1078 τῆς
303 989 340 1053 δέ
367 1011 403 1073 γε
431 988 557 1053 ἐνθάδε
586 1000 685 1077 τιμῆς
708 992 766 1052 οὐκ
789 987 933 1071 ἀμελεῖν.
979 998 1083 1052 ταῦτα
1108 988 1146 1052 δέ
1167 991 1241 1052 ἐστι
1261 993 1324 1070 μὲν
1348 988 1487 1076 ἀληθῆ,
1505 997 1526 1055 ll

213 1091 339 1174 μᾶλλον
363 1091 398 1155 δὲ
423 1091 577 1179 ὀφείλετε
600 1096 793 1179 ἀποστῆναι
816 1084 864 1155 δι’
890 1094 974 1154 αὐτὰ
997 1101 1059 1155 τοῦ
1080 1091 1287 1178 πράγματος.
1335 1095 1425 1166 τούς
1449 1113 1486 1154 τε

214 1199 276 1281 γάρ
294 1194 391 1278 λόγον
407 1197 545 1274 ἔχοντας
560 1204 619 1281 τῆς
634 1187 721 1280 παρ’
748 1198 826 1276 ὑμῖν
840 1190 1005 1276 <είκόνος>
1028 1198 1116 1270 είκός
1132 1198 1206 1257 ἐστι
1227 1197 1270 1279 μη
1290 1199 1487 1277 παραπέμ-

215 1319 293 1361 πειν
315 1294 400 1383 μηδὲ
424 1299 462 1358 τό
486 1304 561 1371 πῶς
585 1298 685 1382 αὐτῆς
708 1296 935 1379 τυγχάνουσιν,
964 1289 1040 1358 ὐλλ>
1066 1299 1134 1377 ἅμα
1157 1298 1213 1358 καί
1234 1298 1293 1381 τὴν
1319 1293 1486 1358 διάνοιαν

164 1414 193 1466 10
214 1404 273 1486 τὴν
296 1402 458 1482 ὑμετέραν
483 1404 637 1460 σκοπεῖν·
660 1401 740 1471 τούς
761 1419 797 1460 τε
819 1401 1017 1484 ἐπίφθονον
1040 1398 1129 1461 εἶναι
1151 1401 1210 1484 την
1226 1399 1399 1482 εὐπορίαν
1424 1408 1486 1484 της

216 1500 350 1575 πόλεως
373 1497 620 1581 ὁμολογοῦντας
643 1502 701 1561 οὐκ
724 1503 813 1575 είκδς
834 1497 873 1585 ἦν
892 1496 1163 1583 ὑπολογίζεσθαι
1177 1502 1215 1561 τό
1232 1509 1290 1584 της
1308 1497 1483 1584 δαπάνης.

217 1605 254 1665 οὐ
283 1601 345 1686 γάρ
374 1621 429 1664 τοι
458 1605 608 1683 τοσούτῳ
641 1601 698 1666 διὰ
727 1611 826 1665 τούτο
857 1601 997 1677 πλείους
1025 1610 1143 1683 τιμᾶτε
1173 1609 1239 1663 τῶν
1269 1598 1386 1663 ἄλλων
1412 1605 1482 1683 όσῳ

217 1703 359 1768 πλείονα
382 1706 516 1767 ἐκείνων
537 1706 721 1790 κέκτησθε·
827 1707 883 1766 καί
904 1707 969 1789 μην
992 1711 1059 1766 τῶν
1081 1726 1117 1788 γε
1141 1706 1404 1788 αὐτοκρατόρων
1427 1707 1485 1767 καί

216 1816 273 1870 νῦν
297 1808 461 1869 ποιεῖσθε
484 1808 625 1883 εἰκόνας,
648 1808 704 1868 καί
725 1814 792 1868 τῶν
814 1803 925 1868 ἄλλων
942 1803 978 1868 δέ
994 1814 1061 1868 τῶν
1076 1799 1135 1869 ἐπ)
1154 1803 1358 1885 ἀξιώματος.
1404 1804 1483 1868 οὐδὲ

166 1925 195 1975 15
216 1910 278 1994 γάρ
302 1912 388 1989 ὑμᾶς
412 1905 555 1993 λέληθεν
578 1911 624 1983 ὡς
647 1906 743 1971 οὐδέν
766 1911 840 1971 ἐστι
861 1912 900 1971 τό
923 1917 1043 1971 τοῦτον
1066 1909 1235 1970 ἵστασθαι
1257 1910 1315 1969 τὸν
1334 1910 1481 1991 τρόπον.

219 2004 264 2074 ἵν’
291 2012 348 2073 οὑν
371 2013 466 2085 τίνας
487 2013 666 2095 τιμήσητε,
697 2009 818 2073 λοιπόν
848 2013 955 2085 οὑτως
982 2013 1120 2096 αίσχρδν
1141 2013 1198 2073 καί
1220 2006 1361 2086 ἀνάξιον
1385 2013 1482 2090 ὑμῶν

219 2107 329 2176 αὐτῶν
352 2116 448 2197 ἔργον
475 2110 749 2197 διαπράττεσθε;
778 2115 808 2175 εί
830 2114 974 2198 μὲνγὰρ
999 2116 1130 2175 ἅπασιν
1154 2114 1280 2192 ὁμοίως
1303 2118 1482 2198 προσεφέ-
1501 2116 1526 2176 ll

218 2217 324 2300 ρεσθε
353 2212 429 2293 δίχα
454 2223 521 2277 τῶν
545 2206 815 2299 αὐτοκρατόρων,
845 2208 904 2277 οὐκ
926 2217 966 2277 ἂν
990 2217 1097 2288 οὑτως
1119 2212 1312 2298 ἠλέγχεσθε.
1360 2223 1423 2277 νῦν
1448 2209 1477 2278 δ’

220 2319 304 2378 είσίν
328 2319 385 2390 οὑς
409 2308 530 2391 αὐτούς
553 2319 684 2378 ἵστατε·
715 2318 800 2378 ὥστε
826 2323 899 2391 τοῖς
921 2314 1038 2391 όίλλοις
1060 2315 1149 2378 εἶναι
1173 2319 1319 2401 φανερὸν
1342 2318 1379 2378 ἐκ
1404 2321 1481 2380 τοὺ·

167 2432 197 2482 κο
219 2439 285 2479 των
315 2421 368 2479 ότι
397 2410 435 2478 οὐ
464 2425 580 2497 τιμᾶτε
611 2410 743 2491 αὐτούς.
788 2419 819 2478 εί
848 2416 884 2480 δὲ
913 2426 980 2479 τῶν
1008 2415 1145 2480 πολλῶν
1172 2420 1229 2480 καί
1256 2425 1323 2479 τῶν
1345 2417 1480 2503 μηδένα

220 2516 468 2605 ὠφελησάντων
484 2522 569 2582 εἰσίν
586 2518 690 2596 οὑτοι,
709 2520 802 2592 τίνος
815 2513 912 2603 χάριν
928 2521 1148 2604 ἀσχημονεῖτε
1154 2543 1166 2596 ;
1189 2522 1206 2605 ἢ
1224 2521 1258 2582 τί
1272 2517 1481 2600 βουλόμενοι

219 2626 359 2697 τούτους
380 2624 601 2706 θεραπεύετε,
623 2625 680 2685 καί
696 2630 800 2683 ταῦτα
823 2624 897 2684 ένδν
915 2625 993 2701 ὑμῖν
1009 2619 1120 2697 άλλιος
1136 2619 1382 2702 ἐπιμελεῖσθαι
1388 2646 1402 2698 ,·
1426 2627 1485 2687 καὶ

219 2727 281 2810 γάρ
311 2722 402 2802 ξένια
433 2722 541 2786 πλείω
569 2727 626 2787 καί
653 2726 691 2785 τό
722 2733 781 2810 τῆς
809 2721 979 2810 ὑποδοχῆς
1010 2721 1207 2810 ἐλευθέριον
1234 2729 1308 2799 τοῖς
1333 2721 1483 2799 πολλοῖς

223 2831 344 2904 ἱκανόν,
367 2829 427 2888 κᾶν
451 2824 592 2908 βελτίων
614 2808 635 2910 ᾖ
658 2848 721 2902 τις,
744 2827 796 2888 ἐτι
817 2829 873 2889 καί
894 2829 1061 2912 ψήφισμα
1083 2827 1221 2911 ἤρκεσεν
1244 2823 1388 2902 ἁπλοῦν,
1413 2817 1485 2910 (²)

169 2942 198 2991 25
221 2932 270 3002 είς
295 2922 357 3010 [τὸ]
373 2930 609 3013 πρυτανεῖονῆ
627 2930 676 3002 είς
698 2926 884 3013 προεδρίαν
899 2925 1037 3013 ἐκλήθη.
1075 2931 1147 2991 νυνί
1168 2929 1312 3012 μὲνγὰρ
1337 2925 1481 3007 δοκεῖτε,

222 3032 336 3113 ὥσπερ
369 3032 402 3090 οί
431 3027 564 3115 σφόδρα
593 3034 752 3112 γέμοντες
780 3039 847 3093 τῶν
869 3029 1061 3116 ναυκλήρων
1083 3033 1140 3092 καὶ
1158 3025 1398 3110 χειμαζόμενοι
1424 3029 1482 3093 διοὶ

220 3139 329 3208 τοῦτο,
353 3129 492 3216 ἐκβολὴν
515 3133 701 3194 ποιεῖσθαι
722 3141 789 3195 τῶν
813 3131 1030 3219 ἀνδριάντων.
1116 3134 1230 3194 καίτοι
1253 3136 1345 3216 φέρε,
1374 3131 1411 3194 εἴ
1431 3155 1485 3210 τις
1503 3139 1526 3198 11

120 3235 297 3313 (οεεισὺμῖν
320 3231 430 3315 ἔλεγεν
454 3235 500 3308 ὡς
522 3235 588 3318 ἄρα
612 3233 815 3298 ἀποδόσθαι
838 3237 1003 3320 προσήκει
1018 3237 1097 3309 τούς
1113 3230 1261 3307 πολλοὺς
1277 3235 1398 3311 αὐτῶν,
1427 3237 1483 3298 ἵνα

220 3337 431 3421 εὐπορήσητε
443 3339 632 3421 χρημάτων,
653 3339 710 3399 οὐκ
726 3340 819 3400 ἔστιν
835 3341 929 3412 ὅπως
946 3339 1004 3398 οὐκ
1018 3332 1093 3418 (ἂν)
1110 3331 1325 3421 ἀνδράποδον
1338 3337 1483 3418 ηγησαι-

166 3450 196 3502 30
221 3439 287 3501 σθε
303 3437 392 3501 εἶναι
407 3441 465 3500 τὺν
483 3436 629 3521 λέγοντα.
661 3448 717 3502 νῦν
732 3442 845 3502 τοίνυν
863 3441 943 3502 αὐτὸ
960 3447 1059 3501 τοῦτο
1077 3442 1225 3499 ποιεῖτε·
1241 3439 1321 3497 όσου
1338 3437 1402 3517 γάρ
1424 3441 1484 3501 ἀν-

1399 3594 1480 3606 'Q—-a

308 3708 406 3763 lfort.
432 3718 494 3775 τοῖς
517 3705 648 3782 μὲνγὰρ
672 3705 720 3780 (τὸ
745 3705 858 3778 ὐνομα)
883 3704 977 3777 μόνον
999 3700 1137 3775 ὑπάρχειν
1163 3706 1213 3774 τῆς
1236 3700 1403 3774 ἐλευθερίας

219 3796 234 3846 3
253 3784 397 3866 ἡμετέραν
408 3792 513 3849 UBMT
531 3799 610 3861 (corr.
625 3800 649 3860 v)
701 3800 716 3847 5
734 3797 831 3866 μηδενί
843 3797 870 3848 et
886 3788 1031 3866 διαφέρειν
1048 3811 1075 3846 τι
1093 3789 1284 3857 casaubonum
1304 3789 1370 3856 quid
1388 3789 1480 3848 lateat

218 3879 310 3934 nescio
380 3883 395 3932 8
414 3875 528 3944 εἰκόνος
545 3879 682 3947 supplevit
699 3879 777 3946 Wil.;
795 3879 821 3934 U
838 3878 927 3933 schol:
947 3871 1189 3943 συνεξακουστέον
1207 3878 1292 3946 τιμῆσ
1304 3874 1328 3928 Τ
1341 3890 1482 3944 superscr.

217 3964 314 4020 habet:
333 3967 418 4035 τιμῆσ
435 3960 566 4036 δηλονότι
636 3968 652 4016 9
670 3966 722 4020 τοὺ
739 3967 805 4020 πῶυ
822 3963 893 4027 libri,
911 3978 980 4018 corr.
999 3961 1100 4016 Reislre
1161 3965 1193 4015 12
1210 3965 1327 4031 καίρια
1347 3956 1381 4017 οὐ
1401 3961 1426 4015 Τ

218 4045 275 4121 γάρ
294 4069 341 4104 σοι
359 4049 389 4102 Μ
459 4052 490 4103 13
508 4048 628 4105 ἐκείνων
647 4048 670 4102 Τ
686 4042 827 4105 κάκείνων
845 4047 929 4104 ceteri
996 4050 1153 4118 κεκτῆσθαι
1171 4048 1201 4101 Μ
1283 4051 1315 4101 15
1333 4041 1368 4102 τὸ
1383 4052 1482 4105 τοιού-

218 4154 272 4191 τον
288 4134 340 4190 UT
411 4137 442 4188 16
459 4131 542 4191 τινὰσ
558 4133 629 4199 libri,
648 4149 717 4188 corr.
737 4134 846 4188 Geelius
931 4136 961 4186 17
981 4129 1207 4205 διαπράττεσθαι
1224 4132 1281 4189 UM
1349 4129 1483 4203 προσφέ·

220 4225 307 4292 ρεσθε
324 4219 356 4274 Μ
408 4224 439 4273 18
457 4213 639 4289 ἤλὲχεσθεῑί
692 4223 723 4272 19
743 4213 796 4276 οὐσ
814 4213 904 4275 αὑτοῦ
919 4218 990 4283 libri,
1009 4233 1079 4271 corr.
1098 4217 1204 4272 Selden.
1265 4212 1382 4272 ἵσταται
1397 4216 1429 4269 Μ

220 4309 252 4356 24
271 4295 293 4378 ᾧ
311 4304 415 4358 addidit
432 4303 544 4371 Reiske,
569 4304 614 4372 qui
636 4308 727 4359 tamen
750 4295 773 4379 ᾧ
796 4298 832 4361 ὐν
850 4310 878 4358 et
900 4318 964 4356 mox
981 4305 1073 4372 νικηθῇ
1175 4305 1207 4355 25
1227 4297 1262 4357 τὸ
1282 4315 1334 4356 om.
1356 4300 1411 4354 ΒΜ

218 4383 378 4457 ricabrub,
398 4388 425 4445 εί
440 4390 502 4444 libri
555 4393 586 4442 27
606 4395 727 4446 κοεῑοθε
745 4390 801 4446 UM
872 4392 904 4442 29
923 4380 1134 4458 εὐτορίσητεΤ
1204 4382 1241 4442 άν
1263 4385 1325 4440 add
1345 4385 1425 4454 Emp.

218 4466 365 4542 ἡγήσασθε
383 4473 445 4526 libri
463 4478 525 4540 (om.
544 4474 586 4541 T),
606 4490 675 4529 corr.
694 4474 795 4528 Reislre
