3068 5160
177 277 242 332 v111
660 277 948 335 PROLEGOMENA.

176 455 286 515 tantur
315 449 499 516 ordinem
525 455 633 515 tamen
664 452 963 534 perverterunt.
1009 451 1139 517 Habent
1161 457 1269 517 autem
1292 451 1443 519 ordinem

176 571 258 636 eum,
282 552 338 636 qui
353 571 394 618 ex
406 552 533 618 Veneta
548 551 716 618 Turrisani
730 551 871 618 editione
894 554 928 617 in
943 572 1053 618 omnes
1076 559 1254 620 ceterorum
1278 552 1442 622 editiones

175 655 313 719 transiit.
351 655 383 720 Is
402 673 423 719 a
437 655 572 738 pristino
595 652 708 720 ordine
724 673 764 719 ea
778 674 813 719 re
828 653 999 739 discrepat,
1015 654 1100 739 quod
1117 661 1196 720 orat.
1211 656 1442 722 XIV-XXX

175 755 281 823 cline
308 758 407 822 totius
436 756 636 822 collectionis
662 762 735 840 post
763 776 808 821 or.
831 757 929 839 XIII,
960 763 991 822 et
1014 777 1058 822 or.
1082 756 1159 839 VII,
1190 777 1274 840 quae
1296 765 1370 843 post
1392 781 1441 825 or.

174 858 259 924 XIII
287 858 471 941 legebatur,
505 863 578 942 post
606 878 651 923 or.
674 857 721 923 VI
749 858 940 942 transponit.
986 857 1034 924 Of.
1064 877 1148 941 quae
1177 857 1218 924 de
1247 858 1309 924 hac
1337 881 1374 927 re
1404 863 1442 926 in

174 960 313 1026 Hermae
341 965 416 1025 tom.
445 959 578 1024 XXVII
604 958 708 1025 fusius
736 958 910 1044 dIsputavi.
955 960 1206 1044 Antiquissimus
1235 967 1266 1026 et
1296 963 1442 1046 optimus

123 1062 153 1128 U
168 1062 264 1129 huius
286 1063 416 1145 generis
437 1062 520 1127 liber
543 1067 592 1128 est
607 1061 787 1129 Urbinas
813 1067 873 1127 124
889 1063 944 1142 (U)
967 1062 1143 1128 membran.
1159 1061 1281 1128 formae
1296 1063 1342 1128 IV
1358 1066 1440 1130 mai.
1484 1088 1494 1097 ⁴

172 1184 257 1230 saec.
280 1165 338 1230 XI.
382 1165 467 1230 Nam
497 1164 610 1230 (lobeti
639 1166 838 1249 opinionem,
869 1166 925 1248 qui
954 1185 1026 1230 eum
1056 1184 1140 1231 saec.
1163 1164 1244 1229 XIV
1272 1166 1440 1233 tribuebat

173 1267 272 1352 (apud
287 1268 380 1352 llmp.
403 1264 505 1332 addit.
529 1266 572 1332 ad
594 1267 696 1352 praef.
720 1273 737 1345 ξ
755 1271 773 1333 8
789 1267 861 1332 Vol.
877 1268 919 1348 ΙΙ,
935 1289 966 1352 p.
984 1270 1067 1347 792),
1090 1268 1160 1333 lure
1176 1287 1278 1351 nuper
1294 1269 1439 1352 explosit

172 1369 291 1453 Sonny.
329 1369 477 1434 Continet
499 1389 609 1434 omnes
624 1371 740 1435 Dionis
763 1370 923 1435 orationes
940 1369 1052 1434 ordine
1068 1370 1209 1452 vulgato.
1248 1369 1438 1438 Praemissa

170 1475 244 1536 sunt
272 1469 414 1534 Arethae
448 1469 683 1554 archiepiscopi
711 1471 940 1555 prolegomena
970 1477 1002 1536 et
1031 1476 1140 1536 cetera
1169 1491 1253 1554 quae
1281 1472 1438 1554 leguntur

170 1571 258 1656 apud
272 1569 475 1636 Dindorfium
497 1571 569 1636 Vol.
585 1573 627 1654 II,
650 1593 727 1656 pag.
744 1576 913 1638 ecl-366
936 1571 1031 1638 huius
1047 1577 1155 1638 autem
1170 1572 1322 1639 editionis
1337 1576 1437 1640 alteri

169 1674 325 1738 volumini
348 1673 583 1758 subiungentur
605 1693 666 1739 nec
688 1693 753 1738 non
774 1673 874 1740 index
892 1674 1082 1739 orationum.
1120 1674 1251 1739 Scholia
1265 1675 1364 1741 habet
1380 1676 1436 1742 hic

168 1777 237 1843 illio
265 1776 404 1858 margini
433 1774 603 1859 adspersa,
634 1795 769 1859 quorum
798 1777 962 1860 specimen
991 1775 1080 1840 dedit
1102 1776 1272 1859 Emperius
1295 1777 1365 1843 Vol.
1389 1780 1434 1860 ΙΙ,

167 1900 243 1964 pag.
268 1882 329 1944 787
352 1898 415 1962 sq.;
445 1875 486 1942 de
513 1876 629 1942 iisdem
658 1897 761 1962 nuper
790 1878 857 1959 egit
880 1877 967 1942 Arno
996 1877 1096 1942 Mahn
1124 1876 1164 1942 de
1191 1878 1306 1944 Dionis
1330 1879 1434 1965 Chry-

166 1981 299 2048 sostomi
329 1979 493 2046 codicibus
522 1978 598 2044 diss.
621 1980 732 2062 inaug.
755 1981 844 2064 Lips.
869 1979 907 2045 G.
932 1979 1022 2044 Foclx
1047 1982 1139 2044 1890.
1184 1980 1312 2046 Nullius
1334 1984 1434 2066 pretii

167 2103 237 2150 esse
260 2081 318 2149 sed
339 2081 469 2147 infimae
491 2082 625 2163 originis
648 2083 851 2148 consentiunt
874 2102 998 2161 omnes,
1027 2087 1223 2165 quapropter
1244 2103 1349 2167 neque
1372 2086 1434 2150 illa

166 2207 251 2270 quae
266 2184 354 2269 apud
364 2185 545 2249 Morellium
557 2190 589 2249 et
600 2185 786 2269 Emperium
801 2185 953 2268 leguntur
964 2186 1081 2249 iterum
1092 2185 1305 2268 imprimenda
1318 2189 1433 2252 curavi

165 2307 271 2372 neque
299 2287 393 2370 plura
420 2305 461 2350 ex
484 2285 641 2351 Urbinate
664 2287 822 2370 excerpsi.
868 2285 961 2364 Quod
984 2284 1123 2351 Cobetus
1146 2288 1326 2369 suspicatus
1350 2295 1431 2372 erat,

164 2391 199 2455 id
222 2389 372 2472 Sonnyus
394 2387 553 2453 Fleckeis.
577 2388 744 2452 annalium
766 2389 829 2452 vol.
848 2393 908 2454 133
932 2390 1039 2465 (1886)
1062 2408 1094 2470 p.
1110 2392 1151 2452 96
1174 2408 1209 2452 se
1232 2388 1431 2456 demonstra-

163 2499 270 2558 turum
292 2511 362 2556 esse
378 2490 542 2574 pollicitus
562 2496 619 2571 est,
643 2490 767 2555 scilicet
781 2490 937 2555 Aretham
953 2489 1230 2572 archiepiscopum
1244 2510 1309 2553 non
1324 2491 1430 2557 solum

66 2631 69 2637 ·
162 2594 373 2680 praefationis
392 2592 623 2676 biographieae
639 2592 810 2658 sedetiam
826 2591 1026 2656 Scholicrum
1041 2610 1111 2656 esse
1127 2594 1300 2655 auctorem.
1325 2592 1429 2677 Spero

162 2698 253 2764 brevi
268 2696 335 2762 fore
351 2701 387 2760 ut
401 2696 451 2760 vir
467 2694 578 2760 doctus
594 2714 710 2760 causas
724 2694 875 2778 proferat.
909 2694 993 2758 Nam
1008 2693 1087 2758 mihi
1104 2711 1231 2776 quoque
1247 2693 1429 2762 Oobctiana

40 2835 42 2840 ·
162 2801 324 2867 sententia
345 2797 442 2864 valde
463 2797 642 2882 probabilis
664 2803 722 2862 est.
757 2797 991 2880 Prolegomena
1014 2816 1054 2861 ex
1070 2794 1172 2860 tribus
1188 2801 1337 2860 constant
1352 2818 1428 2880 par·

161 2903 262 2968 tibus:
284 2903 411 2985 prima
427 2906 476 2964 est
490 2898 649 2982 praefatIc
665 2898 807 2963 Arethae
823 2897 866 2962 ad
881 2903 1040 2981 quattuor,
1061 2897 1114 2984 ²de
1129 2892 1242 2979 regno‘
1262 2898 1426 2965 orationes

160 3003 299 3083 (I—IV),
324 3022 389 3083 qua
411 3007 513 3065 artem
534 3000 650 3064 Dionis
672 3000 836 3064 illustrare
857 2998 980 3080 studet,
1007 2999 1161 3065 adhibitis
1184 2999 1285 3082 ipsius
1308 3001 1426 3066 Dionis

159 3107 194 3170 in
221 3097 381 3192 ‚Nestore‘
416 3107 472 3181 (or.
502 3101 603 3177 LVII)
632 3101 802 3165 sententiis
830 3098 957 3176 (eadem
979 3099 1180 3168 brevioribus
1201 3102 1309 3167 verbis
1331 3121 1424 3186 repe-

46 3229 48 3233 ·
159 3212 269 3272 tuntur
290 3226 321 3289 p.
344 3207 416 3283 363,
435 3205 570 3266 17-28.
586 3201 707 3279 Dind.).
729 3201 781 3267 Ad
796 3202 880 3267 hanc
898 3202 1133 3287 praefationem
1148 3204 1289 3269 Arethae
1305 3223 1423 3268 nomen

158 3308 271 3374 referri
300 3311 421 3372 certum
451 3310 513 3387 est,
544 3302 676 3369 dubium
703 3325 779 3368 num
802 3305 844 3369 ad
867 3311 975 3371 cetera
998 3327 1136 3391 quoque.
1180 3305 1323 3370 Altera
1345 3324 1422 3387 pars

158 3416 222 3476 est:
245 3413 379 3484 Δίωνος
402 3417 463 3470 roc
482 3411 691 3494 Προυσαέως
714 3411 798 3490 βίος.
841 3408 931 3473 Haec
954 3428 996 3473 ex
1019 3409 1127 3474 Phciii
1148 3407 1344 3473 bibliotheca
1366 3405 1421 3470 de·

156 3514 278 3596 scripta
300 3516 363 3586 est,
386 3510 434 3574 ita
455 3515 564 3576 tamen
587 3516 637 3593 ut,
668 3511 782 3594 paucis
809 3509 849 3576 de
871 3511 935 3576 situ
958 3510 1081 3576 Prusae
1103 3510 1192 3575 urbis
1221 3509 1419 3592 praemissis,

155 3615 263 3680 Photii
284 3612 383 3678 verba
405 3612 551 3697 pluribus
574 3614 653 3678 locis
673 3613 818 3678 consulto
834 3613 1051 3677 immutentur.
1084 3611 1133 3676 Ac
1149 3610 1272 3677 devita
1288 3610 1419 3695 quidem

155 3723 283 3801 praeter
305 3716 406 3800 patris
429 3737 545 3782 nomen
568 3721 600 3781 et
621 3717 760 3799 patriam
782 3715 864 3779 nihil
886 3719 1049 3797 narratur,
1078 3719 1114 3779 ut
1137 3719 1248 3778 auctor
1270 3732 1354 3796 quae
1378 3712 1418 3777 de

154 3820 269 3885 Dionis
292 3839 364 3884 cum
386 3819 529 3884 Traiano
553 3817 785 3883 consuetudine
801 3816 935 3881 Photius
958 3822 1149 3882 narraverat
1171 3817 1315 3882 consulto
1338 3816 1418 3879 omi-

153 3922 235 3987 sisse
257 3921 414 3986 videatur.
459 3921 563 3985 Huius
585 3919 633 3984 rei
655 3919 790 3985 fortasse
814 3939 853 3983 ea
875 3924 923 3984 est
946 3938 1060 4001 causa,
1093 3919 1179 4003 quod
1201 3920 1271 4002 ipse
1294 3922 1415 3997 auctor,

152 4023 383 4090 Philostratum
405 4022 558 4088 videlicet
579 4027 723 4104 secutus,
752 4021 946 4105 Vespasiani
969 4027 1077 4087 aetate
1098 4023 1236 4086 Dionem
1258 4020 1414 4101 floruisse,

153 4124 354 4210 Vespasiano
389 4125 549 4190 crationes
587 4121 642 4210 >de
674 4118 787 4205 regno‘
825 4121 1027 4190 dedicavisse
1063 4123 1295 4205 arbitrabatur,
1329 4141 1415 4205 quae

152 4227 293 4294 Arethae
316 4249 444 4312 quoque
465 4229 501 4292 in
527 4226 644 4314 ²prima
665 4221 770 4310 parte‘
796 4228 959 4292 sententia
982 4232 1039 4308 est,
1062 4246 1121 4292 nec
1144 4247 1208 4290 non
1230 4227 1264 4290 in
1283 4225 1414 4290 scholiis

152 4329 195 4394 ad
209 4331 346 4413 primam
362 4333 538 4396 orationem
550 4329 714 4412 repetitur.
730 4365 766 4373 -
781 4328 1035 4411 cognomentum
1049 4327 1267 4411 Chrysostomi
1278 4327 1413 4391 Photius

151 4431 279 4498 dixerat
301 4431 342 4497 ab
366 4433 545 4498 orationum
567 4429 806 4515 pulchritudine
826 4431 964 4496 Dionem
987 4432 1140 4497 traxisse:
1163 4435 1411 4516 Xpooocrcpor
