3068 5160
180 347 219 406 68
641 339 764 395 DIONIS
781 337 833 393 DE
852 337 978 395 REGNO

176 541 253 595 νων,
275 516 296 602 ἦ
319 509 351 579 δ’
377 520 423 592 ἀς,
449 507 546 578 οἰδὲν
568 512 608 600 ἦν
629 522 795 598 κρατῆσαι
814 510 980 592 χαλεπόν·
1003 515 1120 594 ἐτέρου
1142 506 1180 571 δέ
1199 527 1293 582 τινος
1308 511 1432 589 γένους,
1445 519 1488 570 (ιιι

178 619 291 684 δεινοῦ
310 620 367 681 καὶ
389 619 506 701 ἀγρίου
530 612 715 690 παντελῶς.
755 617 774 699 ἢ
801 607 859 676 ούκ
882 616 1026 698 ἀκήκοας
1048 614 1106 673 τδν
1129 610 1285 690 Λιβυκὸν
1306 609 1435 688 μῦθον;

126 726 167 787 74
176 724 233 784 καί
255 721 292 795 ὃς
316 721 373 781 οῦκ
397 720 462 804 ἔφη
487 719 676 802 ἀκηκοέναι.
717 713 865 800 διηγεῖτο
890 713 928 801 δη
952 715 1037 795 μετὰ
1052 720 1158 775 ταῦτα
1175 712 1371 796 προθύμως
1385 713 1436 772 καὶ

177 822 294 907 ἡδέως,
317 817 522 902 βουλόμενος
545 811 647 882 αι’τδν
666 818 1003 902 παραμυθήσασθαι,
1025 815 1188 898 καθάπερ
1205 815 1242 875 αί
1256 813 1382 875 τίτθαι
1396 814 1433 873 τά

179 922 320 1000 παιδία,
349 920 490 985 ἐπειδάν
520 913 638 996 αὐτοῖς
668 917 800 1005 πληγάς
829 915 1019 999 ἐμβάλωσι,
1050 917 1366 1001 παραμυθούμεναι
1387 916 1461 976 καὶὸ

127 1030 168 1092 75
176 1020 395 1110 χαριζόμενοι
415 1026 529 1104 μῦθον
553 1015 670 1098 αὐτοῖς
692 1024 832 1106 ὕστερον
856 1018 1069 1105 διηγήσαντο.
1114 1018 1164 1080 Εὖ
1185 1015 1221 1079 δέ
1246 1016 1338 1093 ἴσθι,
1363 1018 1435 1100 ἔφη,

177 1132 231 1191 δτι
254 1118 291 1188 ού
317 1129 483 1210 πρότερον
506 1127 565 1208 ἔσῃ
588 1121 761 1206 βασιλεύς,
791 1124 871 1207 πρίν
894 1123 935 1184 ἀν
959 1120 1059 1205 ἱλάσῃ
1083 1122 1141 1183 τδν
1165 1121 1272 1182 αὑτοῦ
1294 1115 1435 1198 δαίμονα

176 1231 233 1292 καί
259 1230 482 1312 θεραπεύσας
513 1228 560 1300 ὡς
583 1223 639 1288 δεῖ
658 1223 843 1309 ἀποδείξῃς
867 1225 1003 1308 ἀρχικόν
1025 1245 1063 1285 τε
1083 1224 1141 1285 καί
1161 1219 1364 1304 ἐλευθέριον
1385 1222 1436 1281 καὶ

176 1327 370 1412 βασιλικόν,
399 1325 483 1389 ἀλλά
512 1329 575 1412 μή,
605 1329 652 1402 ὡς
680 1336 736 1390 νῦν
766 1330 868 1406 ἔχεις,
899 1323 1019 1388 δοῦλον
1045 1327 1103 1387 καί
1131 1321 1360 1407 ἀνελεύθερον
1385 1324 1436 1384 καί

127 1434 167 1495 76
179 1434 338 1516 πονηρόν.
376 1430 526 1492 ἐνταῦθα
550 1426 588 1515 δη
615 1421 866 1512 ὁἈλέξανδρος
882 1425 1157 1512 ἐκπεπληγμένος
1172 1433 1234 1488 τοῦ
1247 1426 1435 1510 ἀνθρώπου
1454 1434 1475 1485 1⁰

177 1535 215 1594 τδ
240 1529 393 1615 ἀνδρεῖον
415 1533 472 1593 καί
493 1534 531 1594 τδ
552 1528 659 1608 ἀδεές,
681 1533 824 1610 νομίσας
839 1526 944 1591 πλέον
959 1551 994 1591 τι
1008 1536 1075 1591 τῶν
1092 1525 1204 1590 ἀλλων
1219 1529 1435 1590 ἐπίστασθαι

180 1625 292 1712 αἰτόν,
315 1631 538 1709 παντοδαπὸς
560 1632 599 1718 ἦν
625 1635 778 1696 ἱκετεύων
793 1635 837 1718 μη
857 1633 1035 1717 φθονῆσαι
1048 1626 1178 1714 μηδένα
1193 1633 1335 1714 τρόπον,
1354 1627 1434 1691 ἀλλὰ

180 1740 312 1822 φράσαι
334 1739 387 1811 τίς
408 1738 501 1798 ἔστιν
524 1738 543 1797 6
566 1734 696 1815 δαίμων
720 1725 824 1796 αὐτοῦ
844 1736 901 1796 καί
923 1740 998 1807 πῶς
1016 1735 1080 1818 χρη
1108 1728 1302 1795 ἱλάσασθαι
1325 1725 1432 1794 αὐτόν.

178 1834 299 1924 ἤλπιζε
332 1840 394 1923 γάρ
424 1839 529 1917 ὄνομά
558 1859 592 1899 τι
623 1838 836 1899 ἀκούσεσθαι
865 1833 1026 1915 δαίμονος
1053 1838 1111 1899 καὶ
1137 1836 1267 1909 θυσίας
1295 1835 1433 1918 τινάςῆ

129 1941 395 2024 77καθαρμούς,
425 1942 483 2015 οὓς
513 1937 570 2002 δεῖ
593 1937 797 2001 ἐπιτελέσαι.
842 1934 988 1999 κατιδὼν
1018 1938 1076 2000 οδν
1106 1939 1207 2000 αὐτὸν
1231 1939 1251 1999 6
1272 1938 1435 2020 Διογένης
1454 1942 1476 1992 15

177 2043 450 2126 τεθορυβημένον
484 2043 540 2103 καί
570 2039 703 2125 σφόδρα
733 2048 774 2125 τῃ
801 2046 894 2124 ψυχῇ
922 2044 1107 2123 μετέωρον,
1143 2033 1357 2123 προσέπαιζε
1385 2039 1437 2099 καί

180 2141 379 2226 περιεῖλκεν,
402 2142 438 2205 εἴ
456 2163 531 2217 πως
554 2140 690 2204 δύναιτο
713 2142 865 2225 κινηθείς
888 2142 958 2202 ἀπδ
981 2148 1044 2202 τοῦ
1064 2143 1173 2227 τύφου
1191 2143 1323 2226 καὶτῆς
1340 2137 1435 2223 δόξης

130 2243 299 2326 78μικρύν
328 2264 363 2304 τι
393 2244 576 2328 ἀνανῆψαι.
621 2245 677 2305 καί
706 2243 768 2325 γάρ
799 2239 837 2328 δη
868 2235 1042 2326 ᾐσθάνετο
1072 2243 1173 2304 αύτδν
1198 2250 1254 2304 νῦν
1277 2243 1340 2322 μέν
1363 2238 1435 2324 666-

179 2365 289 2424 μενον,
312 2351 369 2406 νῦν
393 2341 428 2404 δὲ
453 2341 661 2422 λυπούμενον
684 2345 719 2404 ἐν
738 2341 785 2423 τῴ
802 2343 892 2425 αῦτῴ
908 2346 1037 2430 κοίτην
1054 2346 1165 2430 ψυχὴν
1182 2345 1287 2405 αὐτοῦ
1301 2345 1435 2426 ἀκριτον

181 2447 295 2523 οὖσαν,
320 2446 437 2528 ὥσπερ
461 2447 518 2506 τὸν
542 2447 624 2527 ἀέρα
647 2445 682 2505 έν
704 2449 780 2518 ταῖς
797 2451 953 2528 τροπαῖς,
976 2449 1056 2508 ὅταν
1072 2448 1108 2508 έκ
1122 2453 1184 2507 τοῦ
1198 2447 1304 2508 αύτσῦ
1316 2450 1439 2531 νέφους
1456 2452 1480 2503 λ)

180 2549 220 2630 ύῃ
249 2567 285 2609 τε
313 2549 370 2608 καί
400 2543 515 2629 λάμπῃ
547 2547 565 2606 6
594 2543 699 2629 ἥλιος.
746 2548 853 2608 συνίει
882 2543 918 2607 δέ
947 2549 1000 2608 δτι
1028 2549 1085 2610 καί
1110 2555 1172 2609 τοῦ
1190 2551 1322 2631 τρόπου
1344 2569 1438 2611 κατε-

183 2652 312 2734 φρόνει,
338 2651 373 2710 έν
397 2638 425 2730 ᾧ
448 2643 614 2728 διελέγετο
638 2648 725 2730 πρὸς
748 2648 858 2724 αὐτόν,
882 2649 940 2709 ἅτε
964 2640 1129 2712 οὐδέποτε
1152 2649 1305 2734 ἀκηκοὼς
1328 2648 1440 2715 δεινοῦ

183 2748 289 2832 λέγειν
318 2749 456 2835 ἀνδρός,
487 2746 572 2810 ἀλλά
601 2751 680 2822 τούς
707 2756 774 2810 τῶν
805 2757 980 2834 σοφιστῶν
1010 2746 1197 2830 θαυμάζων
1227 2749 1365 2835 λόγους,
1395 2755 1439 2829 ὡς

131 2853 171 2915 79
182 2850 336 2937 ὑψηλούς
357 2874 393 2914 τε
415 2854 472 2914 καὶ
493 2848 774 2934 μεγαλοπρεπεῖς.
813 2849 1016 2932 βουλόμενος
1031 2853 1089 2915 σύν
1101 2855 1320 2938 χαρίσασθαι
1335 2853 1437 2937 αύτῷ,

183 2956 251 3032 ἅμα
280 2975 316 3016 τε
345 2950 517 3029 ἐπιδεῖξαι
545 2956 599 3014 ὅτι
628 2953 686 3013 ούκ
715 2950 879 3028 ἀδύνατός
906 2955 999 3017 ἐστιν
1029 2957 1145 3039 ὥσπερ
1170 2957 1281 3019 ἵππον
1304 2957 1439 3042 εὐμαθῆ
1461 2967 1487 3017 25

181 3057 239 3117 καί
264 3055 489 3133 πειθόμενον,
519 3057 599 3115 δταν
623 3051 713 3135 αὐτῷ
737 3051 833 3139 δοκῇ,
863 3058 921 3117 τὸν
945 3054 1042 3139 λόγον
1065 3059 1208 3141 ἐπᾶραι,
1239 3054 1329 3139 λέγει
1352 3061 1441 3143 πρὸς

183 3158 283 3218 αύτδν
307 3157 414 3230 ούτως
436 3157 516 3238 περὶ
538 3152 719 3236 δαιμόνων,
743 3159 796 3218 ὅτι
819 3159 877 3218 ούκ
900 3161 985 3222 είσίν
1012 3157 1142 3237 ἔξωθεν
1157 3167 1224 3222 τῶν
1240 3161 1441 3242 ἀνθρώπων

184 3260 217 3318 οἱ
239 3260 385 3341 πονηροὶ
405 3257 462 3318 καί
484 3257 612 3338 ἀγαθοὶ
628 3255 796 3338 δαίμονες,
820 3261 855 3320 οί
869 3261 930 3335 τάς
947 3264 1125 3348 συμφοράς
1138 3264 1195 3325 καί
1209 3262 1271 3336 τάς
1286 3263 1443 3342 εὐτυχίας

132 3361 173 3424 80
184 3364 344 3444 φέροντες
368 3359 493 3435 αὐτοῖς,
522 3361 539 3420 6
563 3357 599 3422 δέ
623 3358 711 3435 ἴδιος
733 3363 875 3424 ἑκάστου
898 3372 984 3440 νοῦς,
1008 3363 1107 3439 οὗτός
1128 3366 1203 3427 έοτι
1225 3362 1360 3444 δαίμων
1382 3372 1446 3425 τοῦ

182 3459 316 3537 ἔχοντος
339 3456 477 3543 ἀνδρός,
508 3462 641 3543 ἀγαθάς
663 3465 724 3542 μὲν
747 3466 767 3525 6
788 3471 851 3525 τοῦ
873 3467 1038 3549 φρονίμου
1060 3469 1117 3530 καί
1139 3467 1276 3548 ἀγαθοῦ
1297 3463 1443 3546 δαίμων,
1466 3477 1488 3528 3(

182 3563 332 3645 πονηρὸς
355 3559 391 3623 δὲ
415 3564 435 3624 6
456 3571 518 3625 τοῦ
538 3573 699 3650 πονηροῦ,
722 3567 886 3641 ὡσαύτως
909 3564 945 3628 δὲ
969 3565 1150 3653 ἐλεύθερος
1163 3573 1224 3649 μέν
1240 3571 1259 3631 6
1272 3575 1336 3632 τοῦ
1350 3565 1443 3631 ἐλευ-

182 3663 299 3746 θέρου,
324 3660 444 3738 δοῦλος
468 3661 503 3726 δέ
527 3667 546 3726 6
568 3674 630 3727 τοῦ
651 3664 782 3743 δούλου,
805 3670 863 3730 καί
884 3666 1059 3747 βασιλικὸς
1077 3672 1138 3749 μέν
1154 3673 1172 3732 6
1186 3679 1248 3732 τοῦ
1260 3667 1447 3752 βασιλικοῦ

133 3767 240 3831 81καὶ
261 3762 525 3850 μεγαλόφρονος,
549 3771 711 3842 ταπεινὸς
735 3766 770 3830 δέ
795 3771 813 3830 6
834 3777 897 3830 τοῦ
916 3780 1081 3834 ταπεινοῦ
1100 3775 1157 3834 καὶ
1178 3775 1345 3854 ἀγεννοῦς.
1389 3774 1444 3834 ἵνα

183 3864 229 3943 δέ,
260 3867 342 3952 ἔφη,
372 3869 416 3952 μη
447 3858 531 3928 καθ’
563 3869 598 3929 έν
628 3872 767 3932 ἕκαστον
797 3872 906 3932 ε’πιών
932 3870 1020 3934 πολύ
1042 3895 1077 3935 τι
1099 3871 1235 3958 πλῆθος
1257 3877 1445 3956 ἐπάγωμαι

268 4068 500 4139 ΙκρατῆσσαιΡ
552 4066 778 4141 δδιηγήσατοΡ
837 4067 944 4129 θάλλδι
963 4068 1019 4143 μὴν
1036 4067 1079 4128 ὦσ
1095 4074 1122 4131 V
1138 4067 1210 4131 ἀλλὰ
1228 4070 1267 4146 μί]
1286 4069 1322 4132 δν
1339 4075 1391 4131 UB

182 4156 287 4209 δοῦλον
304 4146 497 4224 ἀνελεύθερον
514 4157 576 4218 (om.
594 4158 653 4220 καὶ)
673 4156 719 4210 UB
809 4160 839 4210 13
859 4152 1028 4214 ἱλάσκεσθαι
1046 4157 1069 4213 U
1163 4163 1195 4214 14
1211 4155 1329 4231 ἤλπιζεν
1347 4161 1373 4214 V

182 4229 304 4294 ἀκούσαι
321 4240 455 4291 mutatum
472 4237 501 4291 in
519 4231 697 4296 ἀκούσεσθαι
714 4241 736 4293 Ρ
847 4247 877 4296 16
896 4242 1059 4316 προσίπεζε
1075 4243 1098 4297 Ρ
1116 4243 1312 4317 προσέπαιζεν
1330 4245 1354 4300 U

183 4325 216 4374 18
235 4315 390 4378 ἀνανεῦσαι
408 4322 457 4378 UB
526 4327 558 4376 20
577 4323 681 4395 νέφους
698 4324 749 4379 del.
760 4325 923 4382 Herwerden
993 4333 1022 4382 21
1043 4319 1086 4385 ύει
1104 4329 1152 4384 UB
1221 4321 1370 4399 λάμπειΰ

182 4408 214 4457 26
224 4409 266 4479 τῷ
276 4401 353 4481 λόγῳ
362 4407 411 4463 UB
456 4405 563 4481 ἐπᾶραι
573 4416 727 4478 suspectum
738 4411 802 4466 Wil.
850 4406 974 4469 3οδτοῦ
986 4406 1101 4484 ἀγαθοῦ
1111 4417 1160 4469 καί
1171 4416 1316 4488 φρονίμου
1327 4417 1440 4482 δαίμων

182 4488 252 4547 (hoo.
270 4491 381 4555 ord.)V
451 4496 483 4546 34
500 4485 572 4549 καθ)
594 4489 719 4551 ἕκαστον
736 4494 786 4550 UB
855 4494 1182 4570 scribendumzjnefiah
1248 4494 1438 4569 ἐπάγομαιλ
