3068 5160
216 353 256 407 IV
700 350 989 405 PROLEGOMENA.

218 544 360 609 ususque
382 524 501 589 Dionei
529 524 647 608 peritia
677 529 710 589 et
738 523 887 588 acumine
915 521 1003 588 haud
1031 522 1160 604 vulgari
1190 521 1364 606 praeditus
1396 531 1485 608 esset,

218 647 324 712 neque
352 632 462 692 tamen
493 626 601 691 omnia
634 626 706 710 pari
739 624 911 707 diligentia
944 625 1126 708 perpolivit,
1161 630 1196 690 ut
1224 625 1258 688 in
1288 625 1486 710 quibusdam

219 728 418 796 orationibus
447 746 577 792 manum
606 727 676 792 eius
705 726 955 792 emendatricem
976 727 1061 792 iusto
1083 727 1214 811 saepius
1237 726 1486 796 desideraveris.

221 831 325 910 Quam
348 831 447 913 igitur
463 829 633 914 Emperius
654 827 793 894 feliciter
814 829 1024 894 incohaverat
1046 835 1078 895 et
1092 830 1313 895 recensionem
1331 837 1365 896 et
1384 852 1487 898 emen·

220 932 382 999 dationem
405 932 521 997 Dionis
550 951 623 998 earn
654 930 696 995 ad
725 930 820 996 finem
851 930 1027 1014 perducere
1055 950 1161 1015 neque
1190 933 1281 1015 potui
1303 952 1421 1017 neque
1445 953 1487 1000 mc

219 1054 315 1120 posse
327 1033 503 1100 arbitratus
514 1054 594 1117 sum,
611 1053 717 1117 neque
733 1034 861 1098 omnino
876 1033 972 1098 unius
988 1033 1126 1099 hominis
1141 1052 1212 1099 esse
1222 1033 1280 1099 sed
1292 1036 1487 1102 coniunctae

220 1138 390 1202 multorum
419 1155 551 1219 operae,
582 1155 654 1201 eam
682 1155 758 1201 vero
788 1154 884 1217 quam
911 1135 967 1201 ille
989 1137 1075 1199 viam
1098 1135 1262 1218 ingressus
1284 1141 1358 1200 erat
1383 1156 1486 1220 perse

221 1244 313 1304 cutus
335 1257 415 1303 sum.
453 1237 502 1302 Ac
524 1237 741 1303 recensionem
764 1236 894 1320 quidem
917 1238 1040 1302 intem
1062 1237 1153 1302 clara
1172 1237 1245 1302 luce
1259 1256 1312 1301 me
1327 1240 1485 1322 posuisse

220 1341 369 1405 utnulla
391 1339 457 1404 iam
480 1338 521 1405 de
543 1340 744 1422 singulorum
765 1338 919 1404 librorum
941 1338 1004 1405 fide
1027 1338 1185 1405 dubitatio
1209 1339 1285 1404 oriri
1308 1342 1437 1424 possit,
1462 1348 1485 1406 et

220 1441 432 1507 fundamenta
454 1461 475 1506 a
497 1460 548 1506 me
570 1441 657 1506 iacta
680 1461 832 1506 mansura
854 1461 925 1506 esse
948 1440 1088 1523 confido,
1115 1441 1179 1506 nisi
1200 1440 1282 1507 forte
1306 1462 1348 1506 ex
1373 1442 1484 1508 biblio

221 1547 387 1613 thecarum
409 1543 544 1609 latebris
566 1543 625 1607 alii
642 1542 727 1620 libri,
751 1544 807 1626 qui
822 1542 929 1608 adhuc
943 1544 1084 1609 virorum
1100 1542 1264 1608 doctorum
1279 1542 1484 1625 diligentiam

221 1648 419 1731 fefellerant,
453 1644 637 1730 prodibunt.
681 1645 720 1709 In
750 1644 975 1711 emendatione
1004 1651 1127 1729 autem,
1162 1646 1254 1711 cuius
1284 1645 1391 1711 etiam
1422 1651 1484 1732 post

223 1750 423 1832 Oasauboni,
453 1748 596 1830 Reiskii,
625 1746 785 1829 Jacobsii,
810 1747 931 1830 Geelii,
962 1749 1106 1832 Emperii
1129 1767 1223 1813 curas
1245 1747 1313 1812 late
1337 1768 1484 1835 campum

220 1859 332 1938 patere
354 1850 514 1933 videbam,
538 1850 566 1916 si
587 1869 701 1934 parum
724 1848 897 1933 profecisse
920 1851 1029 1916 multis
1044 1849 1179 1916 videbor
1194 1855 1371 1933 reputanto
1389 1851 1484 1918 Hora·

220 1957 345 2021 tianum
375 1952 457 2019 illud
479 1972 619 2035 „nonum
641 1957 805 2035 prematur
826 1952 861 2016 in
883 1951 1024 2017 annum“
1047 1952 1090 2017 ad
1112 1953 1229 2017 artium
1252 1971 1355 2035 opera
1379 1953 1484 2020 refeci

223 2057 350 2139 debere,
375 2075 459 2140 quae
481 2055 545 2120 nisi
566 2053 711 2138 perfecta
725 2054 884 2139 prodeunt
900 2061 997 2140 atque
1013 2054 1160 2120 omnibus
1175 2054 1320 2119 numeris
1336 2055 1484 2122 absoluta

222 2161 257 2224 in
279 2157 421 2224 tenebris
443 2157 546 2221 latere
568 2157 684 2222 melius
706 2162 764 2240 est,
788 2176 852 2221 non
874 2157 917 2221 ad
938 2157 1095 2222 scientiae
1117 2176 1225 2240 opera,
1249 2175 1392 2239 quorum
1414 2157 1484 2223 vitia

223 2261 264 2326 ab
288 2259 363 2325 aliis
386 2257 551 2323 emendari
572 2264 715 2341 possunt,
738 2259 825 2325 bona
846 2264 944 2341 atque
963 2278 1041 2324 vera
1056 2279 1153 2343 quam
1168 2259 1307 2344 primum
1324 2279 1405 2325 cum
1422 2259 1484 2326 alib

224 2359 453 2428 communicari
476 2359 616 2442 expedit.

308 2464 359 2528 De
381 2459 594 2526 Dindorfiana
622 2459 764 2526 editione
793 2460 872 2545 quid
901 2463 1037 2528 sentiam
1066 2463 1208 2547 proferre
1235 2462 1292 2526 vix
1322 2482 1414 2548 opus
1437 2469 1482 2543 est
1510 2522 1511 2525 ,

224 2584 321 2648 quam
353 2562 458 2628 textui
486 2561 614 2628 Dioneo
647 2582 712 2628 non
745 2564 880 2629 multum
909 2564 1067 2648 profuisse
1097 2565 1182 2630 inter
1209 2583 1321 2629 omnes
1350 2572 1482 2634 constat

223 2665 368 2750 Emperii
389 2665 489 2746 igitur
511 2683 611 2748 opera
632 2665 714 2730 haec
737 2685 810 2731 mea
832 2665 931 2733 editio
954 2669 1048 2752 quasi
1061 2665 1271 2732 fundamento
1286 2666 1421 2751 nititur,
1443 2667 1483 2734 cui

223 2775 256 2834 et
282 2768 429 2833 codicum
452 2765 653 2851 quorundam
676 2787 756 2851 quos
779 2767 883 2834 denuo
906 2771 1073 2837 consulere
1096 2789 1160 2833 non
1182 2768 1272 2851 potui
1295 2769 1482 2835 collationes

224 2877 257 2936 et
278 2871 419 2936 virorum
438 2855 607 2934 'doctorum
629 2867 717 2933 haud
738 2890 861 2953 paucas
885 2871 986 2938 debeo
1009 2871 1219 2948 coniecturas,
1243 2887 1386 2951 quorum
1407 2874 1483 2958 ipset

224 2972 467 3039 dissertationes
490 2969 581 3035 adire
603 2971 781 3054 supersedi.

309 3075 379 3139 Iam
408 3074 508 3156 igitur
536 3072 583 3138 de
605 3072 747 3138 Dionis
777 3072 993 3139 codicibus
1016 3072 1199 3157 disputabo.
1246 3071 1396 3151 Quorum
1419 3093 1482 3162 pert

224 3195 334 3244 omnes
356 3176 431 3240 illas
455 3194 539 3258 quae
556 3174 671 3240 Dionis
692 3174 839 3240 feruntur
860 3175 1074 3258 octoginta
1097 3176 1308 3241 orationes
1333 3180 1481 3251 continet

223 3299 299 3364 pars
314 3278 367 3342 vel
382 3296 504 3361 paucas
520 3277 649 3342 illarum
664 3279 718 3344 vel
733 3279 852 3344 multas
867 3298 927 3344 nec
949 3284 1058 3344 tamen
1080 3298 1199 3344 omnes.
1248 3275 1334 3343 Ordo
1359 3297 1481 3366 quoquc

225 3381 406 3446 orationum
434 3378 644 3445 multifariam
671 3381 831 3465 variatur,
860 3382 895 3446 in
923 3381 964 3448 iis
992 3381 1135 3446 maxime
1157 3378 1322 3445 codicibus
1345 3383 1409 3463 qui
1431 3401 1482 3448 nou

225 3501 335 3548 omnes
364 3482 539 3548 continent.
589 3483 629 3547 In
657 3483 698 3549 iis
726 3504 802 3548 vero
832 3485 889 3568 qui
918 3503 1028 3549 omnes
1058 3483 1222 3548 continent
1250 3479 1336 3545 duae
1367 3483 1483 3550 ordinis

225 3585 367 3650 rationes
390 3583 639 3667 distinguuntur,
663 3586 766 3650 altera
781 3587 867 3651 iusta
882 3591 913 3650 et
928 3587 1023 3668 bona,
1046 3584 1151 3649 altera
1166 3601 1207 3647 ex
1223 3581 1281 3646 illa
1297 3581 1483 3666 depravata

226 3685 357 3754 Ordinis
387 3692 510 3767 autem,
545 3706 639 3770 quem
668 3687 788 3750 iustum
817 3706 855 3750 ac
883 3685 1001 3751 bonum
1031 3685 1114 3767 dixi,
1150 3684 1417 3768 antiquissimum
1447 3690 1484 3754 est

226 3789 411 3872 exemplum
434 3786 536 3853 codex
559 3787 615 3851 ille
629 3787 747 3868 Photii,
771 3806 866 3869 quem
881 3787 915 3850 in
929 3786 1127 3852 bibliotheca
1142 3786 1212 3853 cod.
1228 3791 1290 3851 209
1307 3784 1485 3875 descripsit

226 3891 288 3956 Hic
310 3891 410 3973 igitur
432 3889 534 3954 codex
557 3886 663 3952 medio
685 3889 814 3953 saeculo
833 3909 917 3953 nono
933 3889 1101 3972 aliquanto
1117 3891 1279 3974 antiquior
1294 3895 1377 3954 erat.
1408 3893 1485 3957 Nan

226 3998 302 4059 ante
331 4013 450 4058 annum
480 3993 540 4055 857
569 3989 799 4055 bibliothecam
828 3991 985 4057 aPhotio
1014 3994 1220 4077 compilatam
1249 4011 1320 4057 esse
1349 3992 1486 4059 ostendii

226 4093 450 4160 Krumbaeher
471 4091 557 4169 (hist.
581 4090 678 4155 litter.
701 4091 774 4176 byn.
796 4114 827 4177 p.
851 4096 936 4171 225).
981 4093 1134 4160 Ordinem
1157 4095 1338 4160 orationum
1362 4096 1423 4176 qui
1447 4094 1487 4160 esi

226 4198 262 4262 in
290 4195 401 4262 codice
429 4195 588 4259 Photiano
617 4194 758 4259 numeris
790 4196 970 4260 orationum
1000 4197 1142 4278 vulgatis
1172 4194 1336 4261 adscribo:
1372 4194 1488 4261 I-Vl.

226 4298 444 4364 VHl-Xlll.
467 4297 539 4362 VII.
562 4296 862 4364 XXXI-LXXX.
885 4299 1120 4364 XIV-XXX.
1159 4300 1253 4364 Hunc
1275 4316 1346 4362 esse
1370 4297 1490 4364 iustus

228 4419 267 4465 ac
289 4400 460 4483 pristinum
483 4398 636 4481 ordinem,
660 4399 692 4464 ei
714 4400 770 4482 qui
792 4419 833 4465 ex
849 4400 976 4466 Veneta
998 4401 1032 4464 in
1055 4420 1164 4466 omnes
1187 4399 1344 4465 editiones
1359 4400 1491 4467 transi'

227 4501 324 4582 longe
341 4498 587 4582 praeferendum
604 4499 823 4568 demonstravi
838 4504 872 4568 in
891 4502 1116 4570 dissertatione
1129 4503 1268 4567 Hermae
1285 4505 1360 4565 tom.
1374 4501 1448 4567 XX
