3068 5160
659 333 796 389 ORATIO
815 333 928 388 XXXII.

419 660 496 742 (15)
518 656 681 737 ΠΡΟΣ
705 653 1166 738 ΑΛΕΞΑΝΔΡΕΙΣ.

248 895 331 999 Ἆρά
359 937 395 998 γε
424 907 607 998 βούλοισθ’
634 919 685 993 άν,
708 914 734 976 ὦ
759 913 892 999 ἄνδρες,
924 911 1120 976 σπουδάσαι
1139 911 1260 996 χρόνον
1285 916 1455 999 σμικρόν]

167 1018 224 1078 καί
247 1024 425 1101 προσέχειν
432 1041 444 1095 ;
473 1017 591 1104 ἐπειδή
616 1013 795 1093 παίζοντες
818 1018 872 1078 άεί
894 1012 1078 1078 διατελεῖτε
1100 1018 1157 1078 καί
1180 1016 1217 1076 οὐ
1241 1021 1423 1099 προσέχον-

167 1139 223 1192 τες
244 1122 300 1182 καί
323 1118 464 1196 παιδιάς
485 1123 546 1201 μὲν
568 1123 624 1183 καί
645 1118 768 1206 ήδονής
789 1121 846 1182 καί
866 1115 1021 1202 γέλωτος,
1046 1120 1092 1193 ὡς
1115 1119 1236 1194 εἰπεῖν,
1261 1114 1424 1179 οὐδέποτε

169 1222 347 1305 ἀπορεῖτε·
369 1225 425 1286 καί
446 1224 508 1307 γάρ
533 1224 629 1285 αὐτοί
650 1221 780 1304 γελοῖοί
794 1216 869 1284 ἐστε
891 1223 948 1283 καί
968 1218 1062 1306 ήδεῖς
1076 1221 1133 1282 καί
1148 1216 1324 1294 διακόνους
1340 1215 1423 1281 πολ-

137 1319 246 1398 5λοός
274 1327 403 1387 τούτων
430 1327 537 1404 ἔχετε·
568 1322 719 1410 σπουδῆς
742 1321 777 1386 δέ
800 1325 878 1404 ὑμῖν
906 1326 965 1409 τήν
989 1330 1102 1384 πάσαν
1124 1318 1255 1384 ἔνδειαν
1279 1323 1345 1404 όρῶ
1371 1321 1424 1382 οδ-

172 1442 242 1487 σαν.
272 1428 394 1489 ’καίτοι
415 1429 504 1501 τινὲς
522 1429 721 1488 ἐπαινοῦσιν
744 1427 828 1505 ὑμᾶς
851 1427 897 1500 ὡς
921 1428 1051 1511 σοφούς
1071 1445 1108 1486 τε
1130 1424 1187 1486 καί
1209 1421 1349 1499 δεινούς,
1372 1423 1460 1484 δτι2

121 1538 153 1588 M)
167 1535 332 1590 τοσαῦται
350 1525 511 1612 μυριάδες
535 1529 731 1612 ἀνθρώπων
754 1530 824 1607 άμα
838 1529 895 1589 καί
909 1527 951 1587 τά
968 1523 1087 1588 δέοντα
1103 1528 1247 1588 ἐννοεῖτε
1264 1526 1321 1586 καί
1342 1525 1423 1603 ταχά

169 1632 367 1716 φθέγγεσθε
396 1635 460 1708 δ,τι
487 1621 527 1693 δν
556 1633 750 1717 ἐννοήσητε·
779 1630 843 1711 ἐγὼ
874 1626 910 1691 δὲ
938 1625 1064 1709 μάλλον
1093 1616 1134 1689 δν
1162 1629 1248 1706 ὑμᾶς
1277 1623 1423 1710 ἐπῄνουν

166 1730 273 1813 βραδύ
296 1738 357 1813 μέν
382 1735 645 1819 φθεγγομένους,
669 1735 836 1816 ἐγκρατῶς
860 1728 895 1792 δέ
921 1738 1096 1813 σιγῶντας,
1120 1729 1236 1813 ὀρθῶς
1252 1725 1288 1789 δὲ
1312 1725 1423 1789 διανο-

116 1839 145 1889 10
168 1839 338 1913 ουμένους,
362 1835 452 1898 δκαί
467 1844 523 1897 νῦν
540 1837 718 1920 ποιήσατε,
735 1835 791 1895 ἵνα
805 1834 979 1918 κτήσησθε
996 1834 1083 1915 πρὸς
1098 1832 1211 1911 ἐκείνῳ
1229 1827 1276 1910 τῴ
1292 1830 1421 1909 ἐπαίνῳ

167 1938 282 1997 καινόν
305 1940 418 2020 ἕτερον
440 1932 544 2016 μείζω
567 1958 602 1998 τε
624 1938 681 1998 καί
704 1933 920 2018 σεμνότερον,
943 1937 997 1995 δτι
1019 1940 1177 1994 τοσοῦτοι
1201 1933 1292 2004 ὄντες
1316 1927 1423 2011 λόγων

165 2039 340 2121 χρησίμων
370 2043 556 2119 γενομένων
586 2040 735 2111 ἅπαντες
757 2037 991 2120 ἐσιωπήσατε,
1020 2036 1077 2096 καί
1099 2034 1186 2115 πρός
1208 2034 1314 2113 τούτῳ
1339 2029 1424 2093 ἐδεί-

170 2135 247 2213 ξατε
270 2141 323 2200 ότι
347 2140 384 2200 οὐ
406 2137 510 2219 μόνον
539 2141 614 2202 ἐστὲ
645 2141 753 2201 ἱκανοί
781 2140 962 2222 νοήσαντες
988 2138 1112 2212 εἰπεῖν,
1141 2132 1226 2196 άλλά
1248 2135 1305 2196 καί
1327 2135 1424 2195 άκοό-

171 2257 290 2315 σαντες
312 2250 442 2325 νοήσαι.
480 2249 586 2324 χοροῦ
602 2243 667 2320 μὲν
688 2241 750 2324 γάρ
774 2241 916 2315 ἔπαινος
938 2242 976 2301 τό
1000 2240 1069 2317 άμα
1094 2239 1213 2314 εἰπεῖν,
1236 2232 1422 2316 μᾶλλονδὲ

117 2348 147 2398 15
171 2332 247 2403 οόδὲ
272 2346 409 2404 τούτου·
432 2344 468 2404 τί
488 2346 568 2428 γάρ,
592 2331 632 2405 όν
653 2347 750 2427 κοινή
772 2345 898 2415 πάντες
921 2342 1181 2420 ἀποτυγχάνωσι
1202 2347 1265 2400 τοῦ
1284 2336 1424 2419 μέλους;

170 2440 276 2528 δήμου
300 2441 336 2505 δὲ
359 2447 397 2506 τό
420 2441 530 2520 καλῶς
552 2446 704 2507 ἀκοῦσαι.
786 2451 843 2506 νῦν
863 2445 925 2523 μὲν
946 2443 1008 2528 γάρ
1032 2444 1239 2527 ἁμαρτάνετε
1261 2444 1300 2504 τό
1319 2433 1424 2526 Ἀθη-
1442 2444 1459 2505 3

170 2548 274 2608 ναίων
297 2549 382 2608 ποτὲ
399 2548 589 2632 ἁμάρτημα.
627 2554 689 2608 τοῦ
709 2547 771 2630 γάρ
784 2536 1000 2619 Ἀπόλλωνος
1023 2543 1191 2621 είπόντος,
1214 2546 1245 2606 εί
1260 2541 1423 2605 θέλουσιν

169 2645 294 2732 ἄνδρας
324 2650 478 2730 άγαθοός
504 2651 539 2710 ἐν
567 2657 608 2734 τῇ
637 2645 739 2712 πόλει
760 2649 939 2730 γενέσθαι,
968 2649 1006 2709 τό
1036 2643 1216 2708 κάλλιστον
1244 2642 1423 2725 ἐμβάλλειν

169 2755 243 2824 τοῖς
266 2752 330 2813 ὠσί
352 2758 418 2813 τῶν
435 2748 579 2828 παίδων,
605 2754 638 2812 οἱ
662 2749 697 2812 δέ
713 2752 896 2834 τρήσαντες
918 2751 956 2810 τό
973 2751 1086 2832 ἕτερον
1098 2748 1238 2830 χρυσίον
1253 2744 1422 2828 ἐνέβαλον,

116 2856 147 2907 20
170 2842 207 2913 οό
234 2857 385 2926 συνέντες
407 2861 469 2914 τοῦ
489 2854 584 2915 θεοῦ.
630 2853 813 2930 τοῦτομὲν
835 2851 897 2934 γάρ
919 2849 1037 2936 κόραις
1064 2847 1192 2930 μᾶλλον
1216 2851 1345 2934 ἔπρεπε
1367 2851 1423 2912 καί

172 2955 273 3014 παισὶ
288 2951 415 3015 Λυδῶν
430 2956 449 3038 ή
468 2958 625 3038 Φρυγῶν·
645 2946 806 3037 Ἑλλήνων
823 2950 858 3014 δέ
874 2955 987 3030 παισί,
1009 2955 1066 3015 καί
1080 2960 1185 3014 ταῦτα
1208 2952 1296 3014 θεοῦ
1317 2970 1423 3037 προσ·

170 3051 351 3129 τάξαντος,
376 3056 433 3115 οὐκ
455 3051 537 3116 άλλο
561 3050 703 3140 ήρμοζεν
724 3056 744 3140 ἢ
769 3051 911 3116 παιδεία
934 3057 990 3118 καὶ
1013 3052 1120 3136 λόγος,
1144 3054 1190 3117 ὥν
1214 3056 1248 3116 οἱ
1269 3057 1424 3134 τυχόντες

172 3156 310 3228 εἰκότως
326 3148 387 3237 [ἄν]
405 3152 523 3239 ἄνδρες
536 3157 665 3239 άγαθοί
679 3159 849 3239 γίγνονται
863 3157 920 3218 καί
933 3165 1080 3242 σωτήρες
1091 3164 1158 3219 τῶν
1170 3155 1313 3220 πόλεων.
1341 3161 1423 3220 ἐκεῖ·
1440 3165 1459 3222 4

173 3276 226 3317 νοι
247 3258 308 3335 μὲν
332 3256 389 3318 οὖν
411 3265 520 3333 κακῶς
541 3261 724 3344 ἐχρήσαντο
747 3265 821 3334 τοῖς
844 3259 908 3319 ὠσί
929 3265 996 3319 τῶν
1019 3256 1164 3336 παίδων,
1186 3263 1282 3340 ὑμεῖς
1298 3258 1334 3322 δὲ
1350 3266 1424 3336 τοῖς

120 3365 149 3414 25
172 3360 281 3420 αὐτῶν
303 3361 429 3421 κάκιον.
475 3357 581 3444 δήμου
603 3364 666 3445 γάρ
689 3363 782 3423 ἐστιν
804 3361 886 3445 άκοή
916 3361 955 3420 τδ
984 3359 1149 3444 θέατρον·
1180 3364 1230 3436 είς
1258 3371 1357 3424 τοῦτο
1388 3359 1423 3424 δέ

170 3458 271 3522 καλόν
292 3463 354 3540 μὲν
375 3462 395 3546 ή
419 3463 532 3541 τίμιον
556 3460 653 3525 οὐδὲν
675 3465 793 3548 ὑμῖνή
819 3463 974 3537 σπανίως
996 3464 1081 3523 ποτὲ
1103 3464 1305 3548 εἰσέρχεται·
1328 3483 1424 3547 κρου-

170 3566 286 3643 μάτων
311 3561 346 3625 δὲ
370 3565 424 3626 ἀεί
444 3568 569 3644 μεστόν
591 3567 665 3627 ἐστι
686 3567 743 3628 καὶ
764 3565 916 3648 θορύβου
938 3565 995 3626 καί
1016 3561 1229 3645 βωμολοχίας
1244 3568 1300 3628 καί
1316 3582 1424 3645 σκωμ-

169 3670 286 3746 μάτων
310 3664 406 3728 οόδέν
428 3669 589 3729 ἐοικότων
607 3665 732 3751 χρυσῷ.
771 3664 827 3729 διά
850 3675 950 3729 τοῦτο
967 3666 1025 3728 οὖν
1041 3666 1157 3750 ὀρθῶς
1172 3668 1258 3752 έφην
1282 3668 1424 3750 άπορεῖν

169 3771 255 3848 ὑμᾶς
286 3765 446 3854 σπουδῆς.
493 3770 568 3832 οὔτε
596 3771 658 3854 γάρ
690 3770 785 3830 αὐτοί
808 3765 994 3831 σπουδαῖοί
1015 3771 1091 3831 ἐστε
1115 3769 1190 3831 οὔτε
1214 3771 1248 3830 οἱ
1269 3771 1425 3853 ὑμέτεροι

118 3875 147 3925 30
171 3871 334 3955 συνήθεις
356 3873 412 3933 καί
435 3868 600 3947 πολλάκις
623 3873 673 3947 εἰς
695 3874 782 3951 ὑμεῖς
804 3873 978 3948 εἰσιόντες,

256 4073 271 4122 2
290 4072 459 4126 διατελεῖται
476 4069 507 4124 Μ
611 4075 627 4126 3
645 4060 718 4128 ὥστ’
735 4071 826 4128 εἰπεῖν
843 4071 866 4124 Τ
976 4077 990 4125 ἵ
1008 4074 1057 4127 καί
1075 4067 1111 4129 τὰ
1130 4071 1232 4128 δέοντα
1250 4068 1377 4127 ἐννοεῖτε
1394 4070 1424 4125 Μ

169 4152 281 4222 inmrg.
351 4154 612 4227 8φθίγγεσθαιΜ
682 4151 788 4215 άνοω.
807 4156 890 4211 Μαι.
908 4172 948 4225 pr.
1028 4162 1057 4212 11
1076 4158 1195 4226 μείζονα
1213 4154 1353 4212 καίΠΒΤ

171 4242 202 4293 18
220 4236 357 4311 ἐμβαλεῖν
373 4238 423 4295 UT
496 4245 525 4294 19
543 4233 721 4312 τηρήσαντεσ
736 4241 794 4297 ΠΜ
809 4241 839 4295 in
855 4255 952 4296 rasura
1020 4245 1053 4296 22
1071 4234 1125 4299 οόκ
1142 4237 1213 4299 ἄλλο
1231 4257 1284 4297 om.
1302 4240 1331 4293 M
1348 4243 1424 4308 (mrg.

170 4317 223 4379 οόκ
241 4320 347 4389 άλλωο)
409 4315 518 4399 ἥρμοζε
536 4328 650 4384 παιδεία
669 4326 699 4381 Μ
717 4316 824 4398 ἥρμοζε
843 4325 872 4383 δὲ
890 4324 962 4380 UBT
985 4341 1055 4382 corr.
1075 4325 1144 4381 Mor.
1216 4331 1248 4381 23
1267 4321 1304 4384 ι’ίν
1319 4321 1424 4399 άνδρεσ

169 4408 240 4472 libri,
259 4424 330 4465 corr.
348 4409 427 4479 Emp.
480 4411 675 4483 γίγνωνταιΒ
737 4416 768 4464 25
786 4406 905 4468 κάκειον
923 4410 953 4464 Μ
1014 4415 1046 4465 16
1063 4412 1117 4480 μὲν
1134 4411 1229 4467 οω.Τ
1280 4407 1425 4483 κρουσμά-

169 4492 277 4547 τωνΜ
346 4493 545 4552 29οἳοιο.Μ
