3068 5160
659 337 796 392 ORATIO
813 337 941 394 xxm.
1362 344 1424 402 323

170 526 302 594 τοῦντι,
327 512 427 601 δῆλον
450 517 503 576 δτι
525 511 572 594 τῷ
594 516 638 598 μη
665 510 831 599 δεηθῆναι
852 511 996 597 μηδενός
1019 516 1119 577 αὐτὸν
1142 519 1313 579 τοιούτου·
1337 517 1424 605 πλην

173 625 228 685 δτι
243 639 279 702 γε
296 612 352 701 [εί]
367 613 471 700 μηδὲν
487 622 553 676 τῶν
569 611 679 676 ἀλλων
695 616 784 694 ἔχετε
800 610 919 676 πλεῖον
935 617 1022 699 πρός
1039 618 1153 679 αὐτόν·
1173 621 1260 681 ὥστε
1275 619 1321 682 ὧν
1336 613 1422 705 παρ’

117 754 120 763 ·
172 723 301 786 ἐκείνου
322 722 400 781 τότε
424 709 472 780 δι’
498 717 630 779 εὔνοιαν
651 718 708 778 καὶ
733 713 852 801 φιλίαν
874 719 1021 795 ἐτύχετε,
1050 727 1155 780 ταῦτα
1185 718 1339 806 ὀφείλετε
1363 745 1424 808 φο·

173 823 307 887 λάττειν
329 823 387 882 τόν
411 817 533 880 λοιπόν
556 821 677 903 χρόνον
708 809 755 879 δι’
787 815 941 895 εὐταξίαν
971 821 1027 882 καί
1054 824 1093 883 τό
1115 820 1282 907 μηδεμίαν
1312 827 1424 888 αἰτίαν

132 930 148 981 ⁵
172 924 306 990 διδόναι
326 913 412 984 καθ’
445 923 563 982 αὐτῶν.
608 922 664 982 καί
690 918 810 1005 μηδείς
837 941 879 1000 με
902 923 1023 1006 νομίσῃ
1046 930 1151 985 ταῦτα
1175 922 1281 1007 λέγειν
1304 925 1423 1003 ἀπλῶς
1433 931 1474 993 26

116 1055 151 1106 m
171 1031 333 1091 ἁπάντων
356 1023 542 1103 ἀνέχεσθαι
568 1030 798 1106 παραινοῦντα
822 1024 899 1102 ύμῖν
927 1025 983 1086 καλ
1012 1027 1124 1086 πάντα
1153 1029 1312 1105 πάσχειν,
1342 1021 1419 1090 ἀλλ’

169 1135 266 1205 ὅπως
293 1130 453 1211 ἔμπειροι
480 1133 547 1187 τῶν
574 1116 658 1186 καθ’
690 1116 811 1198 αὑτούς
841 1127 934 1199 ὄντες
960 1128 1017 1187 καὶ
1044 1135 1101 1189 νῦν
1127 1129 1265 1208 ἀμεινον
1287 1128 1422 1208 βουλεύ-

170 1233 261 1319 ησθε
281 1232 338 1293 καλ
359 1232 397 1290 τό
422 1226 543 1289 λοιπόν
567 1229 673 1300 οὕτως
695 1228 862 1309 ἀπαιτῆτε
884 1229 942 1289 τόν
959 1232 1126 1312 παριόντα
1142 1232 1185 1314 μη
1202 1227 1330 1312 ῥηιδίως
1344 1235 1422 1310 ύμῖν

169 1326 252 1421 μηδ’
277 1336 324 1407 ὡς
346 1333 386 1393 ἀν
409 1327 541 1413 ἐπέλθῃ
564 1326 668 1413 μηδὲν
691 1330 917 1411 εἰσηγεῖσθαι,
942 1333 1053 1391 πάντα
1078 1327 1113 1391 δὲ
1137 1328 1251 1393 εἰδότα
1272 1336 1423 1419 καὶπερὶ

116 1445 145 1498 lo
168 1441 306 1500 πάντων
328 1437 539 1513 ἐσκεμμένον.
584 1432 640 1492 καί
662 1431 724 1513 γάρ
748 1431 881 1513 ἰατρόν,
911 1433 1005 1504 όστις
1033 1428 1189 1515 ἐξήτακεν
1212 1434 1358 1517 ἀκριβῶς
1379 1437 1421 1497 τά

168 1548 231 1602 τοῦ
248 1542 451 1618 κάμνοντος,
482 1537 528 1609 ὡς
550 1529 654 1617 μηδὲν
678 1533 777 1593 αὐτόν
802 1529 1001 1608 λανθάνειν,
1031 1541 1150 1595 τοῦτον
1180 1537 1269 1610 είκδς
1297 1539 1420 1620 ἀριστα

168 1643 383 1726 θεραπεύειν.

254 1743 388 1821 ὅτιμὲν
413 1739 470 1801 οὖν
493 1735 603 1799 δεῖται
624 1736 666 1795 τά
690 1737 843 1817 παρόντα
868 1744 1039 1820 προσοχῆς
1067 1737 1124 1798 καὶ
1145 1734 1317 1816 βελτίονος
1341 1743 1466 1820 σύμ-27

164 1841 289 1925 βούλου
312 1837 375 1921 [οῦ]
399 1848 466 1898 τῶν
487 1838 556 1897 ἀπὸ
573 1845 633 1922 τῆς
648 1838 748 1919 τύχης
764 1837 820 1897 καὶ
844 1827 891 1896 δι’
918 1838 1075 1920 ἀργύριον
1097 1839 1116 1921 ἢ
1142 1835 1198 1900 διά
1214 1843 1309 1919 γένος
1331 1859 1418 1924 παρ·

116 1951 141 2002 la
166 1945 303 2018 ιόντων,
332 1937 472 2002 ἐνθένδε
503 1941 601 2023 όράτέ
623 1957 707 2011 πως.
753 1940 833 1998 όταν
859 1939 921 2022 γάρ
944 1939 1027 2022 μήτε
1051 1940 1147 2000 αὐτοὶ
1168 1940 1316 2020 βεβαίως
1339 1943 1419 2020 όμο-

164 2051 263 2129 νοῆτε
290 2034 380 2128 μηθ’
413 2044 449 2103 αἱ
478 2038 617 2116 πλείους
647 2048 714 2102 τῶν
742 2037 843 2123 πέριξ
871 2036 1005 2102 πόλεων
1029 2041 1162 2114 οίκείως
1184 2043 1261 2120 ύμῖν
1285 2043 1416 2120 ἔχωσιν,

165 2136 242 2205 ἀλλ’
269 2147 302 2206 ol
323 2147 384 2224 μέν
407 2144 597 2228 φθονῶσιν,
621 2144 657 2203 ἐκ
679 2139 811 2202 πολλοῦ
831 2139 1190 2226 ἀντιφιλοτιμούμενοι
1212 2146 1300 2226 πρὸς
1322 2145 1415 2223 ὑμᾶς,

165 2250 200 2309 ol
223 2245 259 2310 δὲ
283 2247 562 2325 ἀπεχθάνωνται,
591 2242 647 2306 διά
670 2247 709 2305 τό
732 2245 817 2327 ὑπὲρ
840 2252 900 2329 τῆς
919 2246 1032 2328 χώρας
1055 2245 1299 2330 ἀμφισβητεῖν,
1325 2248 1358 2307 οί
1381 2244 1417 2308 δὲ

165 2352 225 2412 ούκ
249 2346 326 2410 οἶδα
349 2351 444 2420 όπως
466 2366 502 2428 γε
525 2342 743 2424 ἐνοχλεῖσθαι
765 2343 916 2427 λέγωσιν,
941 2343 1011 2407 όδέ
1030 2348 1214 2430 στρατηγὸς
1230 2344 1345 2432 οἴηται
1357 2351 1418 2430 μὲν

116 2459 138 2510 ιο
162 2453 205 2512 τά
223 2446 345 2531 βελτίω
364 2453 501 2533 φρονεῖν
517 2451 596 2531 περὶ
615 2443 760 2531 [αὐτούς]
782 2450 879 2527 ύμάς,
904 2451 1149 2532 ἠναγκασμένοι
1173 2445 1208 2509 δέ
1230 2445 1289 2533 ἦτε
1312 2466 1418 2535 προσ-

163 2559 308 2635 κροῦσαι
328 2551 384 2612 καλ
406 2552 571 2634 πρότερον
594 2547 769 2636 ἀλλήλοις,
800 2551 851 2611 ἔτι
875 2547 910 2611 δὲ
934 2550 1128 2634 ἐπίφθονοι
1149 2548 1197 2631 τῴ
1220 2571 1256 2612 τε
1277 2553 1419 2633 μεγέθει

166 2662 226 2738 τῆς
249 2650 381 2727 πόλεως
403 2647 591 2736 νομίζησθε
612 2654 669 2714 καὶ
690 2651 737 2734 τῴ
762 2649 872 2712 πολλά
896 2659 962 2713 τῶν
987 2654 1090 2714 άντων
1112 2648 1300 2732 ἀπολαβεῖν
1324 2650 1418 2739 δονη-

165 2755 310 2816 σεσθαι·
337 2761 412 2829 πῶς
445 2756 517 2834 ούχλ
540 2753 596 2816 διά
620 2761 724 2814 ταῦτα
748 2751 930 2831 ἐπιμελοῦς
952 2756 1008 2816 καί
1031 2759 1315 2838 περιεσκεμμένης
1336 2759 1418 2836 γνώ-

162 2877 229 2940 μης
253 2852 390 2931 δεῖσθε,·

116 2967 156 3043 11ι
249 2959 284 3018 τί
305 2957 383 3032 ούν,·
406 2957 463 3034 οὐχ
488 2957 596 3017 ἱκανοὶ
618 2964 722 3017 ταῦτα
746 2958 780 3017 σί
802 2954 943 3020 πολῖται
960 2956 1106 3021 συνιδεῖν
1120 2960 1177 3021 καὶ
1192 2964 1398 3044 παραινέσαι
1405 2961 1467 3035 ;28

164 3059 296 3135 πόθεν,·
325 3060 355 3120 εί
381 3059 443 3141 γάρ
472 3054 558 3142 ἦσαν
582 3059 690 3119 ίκανολ
716 3060 754 3120 τό
779 3056 855 3120 δέον
878 3061 1042 3144 εὑρίσκειν
1064 3062 1099 3122 έν
1122 3065 1197 3135 ταῖς
1220 3058 1362 3124 πόλεσιν
1385 3064 1419 3123 οί

163 3157 377 3244 προεστῶτες
403 3161 460 3221 καὶ
482 3156 756 3240 πολιτευόμενοι,
786 3164 912 3235 πάντες
934 3163 975 3222 ἀν
998 3164 1051 3224 ἀεὶ
1071 3159 1180 3236 καλῶς
1203 3161 1418 3248 ἀπήλλαττον

162 3264 219 3324 καί
241 3263 394 3337 ἀπαθεῖς
415 3259 501 3346 ἦσαν
523 3259 641 3338 κακῶν,
665 3263 696 3323 εί
717 3263 762 3346 μή
785 3282 838 3337 τις
854 3264 1043 3342 αὐτόματος
1059 3260 1169 3338 άλλως
1185 3261 1333 3327 ἐπέλθοι
1348 3267 1418 3328 τισί

251 3485 263 3533 1
284 3475 318 3536 τὸ
337 3474 375 3550 μὴ
394 3478 467 3534 UBT
538 3481 553 3530 2
572 3497 605 3549 γε
624 3476 651 3533 εί
665 3477 751 3548 μηδὲν
768 3477 839 3542 libri,
859 3477 886 3534 εί
902 3477 953 3532 del.
973 3477 1052 3546 Emp.
1141 3472 1215 3546 πρὸς
1233 3495 1284 3532 om.
1304 3479 1327 3532 Τ
1345 3485 1416 3548 spat.

164 3565 212 3622 rel.
299 3562 433 3638 θέκείνφ
450 3563 520 3630 libri,
539 3577 608 3616 corr.
628 3561 728 3615 Raiske
797 3564 915 3633 ὅμηύὲν
934 3564 963 3615 Μ
1033 3556 1205 3632 θάνέχεσθε
1223 3562 1253 3615 Μ
1322 3562 1416 3621 ἵὲαυ.

163 3646 231 3717 τούς
249 3652 272 3704 Β
341 3644 515 3721 βουλεύεσθε
533 3647 610 3712 libri;
629 3661 699 3700 corr.
719 3646 835 3699 casaub.
903 3652 917 3699 8
935 3642 1083 3704 ἀπαιτεῖτε
1100 3647 1174 3703 UBT
1192 3639 1355 3705 ἀπαιτεῖται
1373 3650 1415 3718 Μ;

162 3752 234 3792 corr.
254 3736 371 3791 casaub.
423 3730 556 3804 παρόντα
573 3730 623 3786 UT
683 3731 764 3785 scrib.
783 3725 817 3786 τὸ
836 3726 940 3787 λοιπὸν
957 3727 1081 3805 (λόγον)
1099 3723 1190 3797 οὕτως
1207 3726 1257 3789 ἀπ.
1275 3729 1329 3789 τὸν
1346 3753 1415 3806 παρ.

160 3823 248 3890 (τοῦ)
265 3816 302 3890 μὴ
321 3817 424 3897 ῥᾳδίως
495 3812 533 3886 μὴ
551 3815 581 3872 δὲ
599 3814 706 3887 ῥαδίως
722 3814 792 3880 libri,
812 3830 881 3869 corr.
901 3815 981 3884 Emp.
1062 3823 1078 3872 9
1098 3812 1131 3884 ὃς
1148 3833 1198 3886 pro
1216 3812 1256 3883 ὡς
1273 3817 1347 3873 UBT

161 3906 248 3978 μηδὲν
266 3901 346 3970 εἰδὼς
364 3904 533 3975 είσηγείσθω
551 3900 624 3956 UBT
712 3903 742 3954 11
760 3903 810 3955 καὶ
826 3916 877 3969 pro
895 3894 935 3966 ὡς
952 3902 982 3956 Μ
1067 3900 1205 3960 λανθάνει
1223 3902 1252 3954 Μ
1331 3908 1364 3956 14
1381 3899 1416 3959 ού

162 4008 215 4048 om.
234 3990 264 4044 Μ
334 3993 365 4043 15
384 3984 455 4045 έιεα
473 3988 503 4044 α
521 3988 549 4040 Μ
618 3988 649 4039 ιε
667 3976 739 4055 μήθ’
759 3981 787 4039 αι
805 3985 885 4054 amp.
904 3987 989 4042 dubit.
1025 3980 1093 4058 μηι’
1111 3986 1140 4043 αι
1157 3987 1231 4043 UBT
1248 3987 1317 4058 μηά
1334 3987 1364 4041 Μ

162 4072 346 4147 περικόλεων
364 4073 393 4128 Μ
412 4068 446 4127 σιξ
459 4088 501 4142 pr.
572 4073 603 4124 18
621 4061 838 4139 ἀπεχθάνονται
856 4070 886 4123 Μ
961 4074 992 4124 19
1011 4064 1067 4126 οἶδ’
1085 4071 1135 4127 UT
1215 4072 1348 4144 λέγωνΤ

163 4158 255 4219 οίεται
272 4159 345 4216 UBT
415 4162 448 4212 20
467 4148 571 4220 αὐτοὺς
588 4154 688 4209 seclusi
706 4147 795 4211 αὐτοῦ
812 4154 928 4208 casaub.
1024 4145 1075 4225 ἦτε
1093 4155 1201 4221 Raiske‚
1219 4154 1284 4214 ἐστε
1301 4157 1364 4212 libri

162 4252 193 4303 21
213 4245 400 4302 scribendum:
418 4242 618 4313 προσκροῦσαι
634 4233 748 4311 (αὕτη)
764 4242 812 4295 καλ
830 4236 977 4310 πρότερον
993 4235 1091 4306 ἀλλοις
1158 4240 1323 4314 ἐπίφθονον
1334 4242 1364 4295 M

161 4337 194 4388 22
212 4337 255 4408 τῷ
273 4336 345 4399 (post
362 4332 419 4395 καὶ)
437 4343 488 4383 om.
508 4325 539 4379 M
556 4339 592 4379 m.
610 4340 651 4393 pr.
747 4319 1057 4394 bvvloaobarcasaub.
1076 4321 1245 4397 δυνήσεσθαι
1264 4328 1318 4382 ΒΜ
1335 4332 1414 4400 εφη·

160 4424 250 4476 σεσθε
268 4416 335 4472 UTv
354 4412 538 4468 scribendum:
562 4402 718 4467 ἀπολαύειν
735 4404 874 4466 δύνασθαι
978 4412 1012 4463 24
1029 4414 1142 4467 δεῖσθαι
1160 4413 1190 4466 Μ
1293 4419 1324 4469 27
1343 4409 1413 4487 ἀπή.

159 4510 267 4561 λαττον
285 4500 308 4554 Τ
378 4501 410 4552 28
429 4493 516 4561 ἀλλος
532 4493 557 4550 U

1157 4586 1209 4638 21*
