3068 5160
618 345 906 403 PROLEGOMENA.
1291 345 1397 400 XXVII

133 525 204 590 sine
226 521 324 589 dubio
348 527 410 588 est:
432 519 658 603 κομπάζοντα.
697 520 889 604 Interpolati
911 519 1010 601 igitur
1032 538 1141 584 omnes
1165 523 1249 583 sunt.
1286 518 1394 602 Atque

134 646 176 691 ex
204 624 265 690 hoo
295 623 424 708 quidem
452 625 523 689 loco
546 622 679 688 dubium
700 627 826 705 manet,
855 625 961 686 utrum
983 620 1042 687 UB
1069 620 1251 686 electione
1273 619 1329 684 VP
1352 640 1396 685 an

135 727 176 793 ab
199 726 350 810 illegibili
373 723 514 810 quadam
537 724 707 809 archetypi
720 725 860 790 lectione
874 723 963 788 velut
978 721 1153 801 πάξοντασ
1167 720 1328 807 profectus
1343 722 1395 787 sit.

134 831 249 914 Itaque
271 848 376 912 neque
397 832 526 893 nostrae
548 846 654 910 neque
675 825 853 892 adversarii
875 826 1053 891 sententiae
1074 826 1163 891 locus
1178 825 1283 907 magis
1297 823 1396 890 favet.

134 967 176 976 —
192 951 223 1014 p.
240 935 290 1012 27,
308 934 348 994 22
364 934 441 1012 ἐμοὶ
461 926 636 1014 μὲν[οὖν]ὧ
661 929 769 1015 πάτερ
786 935 846 994 etc.
863 931 920 992 οὖν
935 926 1027 992 abest
1041 948 1063 991 a
1077 926 1184 992 VPW.
1212 925 1395 992 Genninum

135 1051 207 1098 esse
222 1052 280 1116 pro
296 1037 382 1097 certo
398 1031 464 1097 dici
481 1051 546 1097 non
561 1036 675 1116 potest,
700 1031 778 1115 quia
799 1032 888 1096 locus
909 1031 1082 1095 lacunosus
1105 1035 1163 1094 est.
1180 1065 1221 1073 -
1237 1049 1268 1112 p.
1286 1033 1336 1112 42,
1356 1035 1395 1094 14

134 1135 223 1200 loous
253 1139 361 1200 exstat
388 1153 545 1217 perquam
573 1132 800 1199 memorabilis.
843 1132 907 1197 Dio
936 1132 1023 1196 enim
1050 1136 1221 1215 postquam
1250 1130 1397 1197 diversas

134 1237 182 1301 rei
211 1235 364 1320 publicae
391 1234 511 1300 formas
539 1235 753 1316 enumeravit,
785 1239 908 1299 ceteras
930 1232 1059 1299 silentio
1080 1253 1116 1299 se
1138 1234 1394 1316 praeteriturum,

135 1337 176 1402 de
204 1337 273 1404 solo
300 1356 402 1419 regno
431 1335 576 1420 pluribus
603 1355 639 1401 se
671 1334 830 1400 dicturum
864 1354 934 1401 esse
960 1335 1141 1419 pollicetur.
1184 1336 1273 1400 Dicit
1301 1355 1395 1419 porro

136 1440 255 1505 multas
278 1457 348 1504 esse
369 1438 404 1501 in
425 1457 531 1503 rerum
552 1442 670 1502 natura
691 1437 803 1519 regiae
820 1436 1064 1520 gubernationis
1079 1436 1247 1519 imagines,
1272 1437 1396 1502 nullam

135 1547 244 1606 tamen
269 1537 490 1606 similitudinis
517 1538 622 1622 magis
652 1537 843 1605 manifestae
872 1559 969 1623 quam
991 1537 1145 1602 mundum
1167 1538 1396 1604 universuma

138 1644 216 1707 Iove
244 1646 376 1706 rectum.
420 1640 471 1704 En
499 1639 598 1706 habes
627 1641 700 1725 ipsa
731 1660 866 1723 graeca:
905 1644 943 1703 οὐ
972 1645 1037 1728 μὴν
1061 1645 1294 1728 φανερώτερον
1318 1641 1395 1704 οὐδὲ

133 1743 271 1807 κάλλιον
293 1749 407 1829 ἕτερον
429 1747 469 1808 ἂν
492 1750 622 1827 γένοιτο
647 1742 812 1822 (videlicet
840 1740 1068 1826 παράδειγμα)
1102 1753 1161 1829 τῆς
1184 1753 1245 1805 τοῦ
1267 1749 1395 1820 παντὸς

134 1849 325 1932 ἡγεμονίας,
349 1849 367 1931 ἢ
391 1850 459 1909 ὑπὸ
483 1846 531 1929 τῴ
555 1851 678 1931 πρώτῳ
703 1870 739 1909 τε
759 1849 815 1908 καὶ
830 1848 957 1929 ἀρίστῳ
975 1845 1050 1927 θεῷ
1067 1839 1237 1926 [τάττεται
1253 1845 1300 1927 τῴ
1318 1841 1394 1928 dail.

135 1945 228 2024 Quae
255 1947 383 2013 uncinis
410 1947 528 2014 inclusi
551 1946 610 2011 UB
640 1948 700 2012 soli
728 1944 902 2031 praebent,
936 1944 991 2008 VP
1021 1963 1131 2008 eorum
1158 1945 1229 2008 loco
1251 1944 1396 2010 scribunt

136 2052 186 2135 ιτοί
211 2053 373 2134 περὶτοῦ
393 2042 499 2126 Διός).
541 2050 684 2130 Pergunt
706 2067 815 2112 omnes
838 2045 928 2112 libri:
951 2056 1105 2122 τοιοῦτος
1130 2046 1165 2109 δὲ
1188 2052 1235 2111 ὢν
1259 2058 1395 2133 πρῶτον

134 2157 196 2232 μέν
220 2155 294 2214 ἐστι
315 2150 487 2238 θεοφιλής
510 2156 572 2214 etc.
604 2148 684 2228 Quis
709 2155 757 2214 est
779 2148 858 2230 quin
880 2146 990 2211 videat
1004 2147 1086 2213 haec
1099 2149 1188 2212 nullo
1203 2148 1297 2213 modo
1312 2150 1397 2216 inter

134 2271 171 2317 se
199 2251 395 2317 cohaerere?
439 2250 717 2335 Exspectabamus
739 2250 878 2314 Dionem
907 2248 947 2313 de
977 2248 1089 2315 divina
1111 2249 1221 2314 mundi
1236 2251 1396 2333 guberna-

134 2353 223 2418 tione
244 2354 339 2437 plura
361 2352 614 2436 disputaturum3
638 2351 680 2416 ad
703 2351 788 2416 hunc
811 2351 896 2416 enim
919 2352 1024 2416 locum
1047 2351 1312 2418 antecedentibus
1327 2351 1396 2417 adi-

133 2460 201 2519 tum
223 2454 286 2520 sibi
308 2455 446 2538 paravit.
461 2454 561 2520 Estne
583 2455 656 2520 luce
679 2454 798 2519 clarius
821 2453 874 2518 hic
896 2451 1009 2517 eadem
1032 2453 1091 2517 illa
1114 2453 1245 2518 delore
1262 2455 1396 2537 eiusque

134 2557 355 2639 cognomentis
377 2556 516 2621 Dionem
539 2557 737 2639 prolaturum
759 2555 860 2621 fuisse
883 2575 967 2639 quae
989 2556 1024 2618 in
1038 2556 1144 2638 prima
1159 2561 1191 2620 et
1206 2555 1397 2621 duodecima

134 2658 280 2724 oratione
301 2657 445 2742 profert?
490 2656 581 2735 Quae
611 2678 682 2724 cum
715 2657 883 2723 librarium
917 2657 1078 2741 quendam
1111 2658 1226 2722 iterum
1256 2657 1397 2724 scribere

134 2758 280 2826 taederet
302 2761 382 2826 satis
404 2759 518 2824 habuit
540 2758 703 2842 adnotare,
727 2760 780 2823 hic
803 2761 838 2823 in
861 2760 1036 2842 archetypo
1052 2759 1159 2842 sequi:
1183 2762 1398 2845 correptius

134 2867 231 2940 Διός.
266 2862 360 2927 Hanc
380 2861 479 2945 igitur
494 2862 573 2926 satis
589 2861 756 2926 obscuram
770 2857 896 2925 librarii
913 2859 1164 2943 adnotationem,
1188 2880 1273 2944 quae
1287 2867 1398 2928 tamen

134 2963 178 3029 ad
206 2965 334 3029 tertiam
363 2965 539 3029 orationem
568 2969 655 3028 recte
683 2962 891 3027 iudicandam
920 2961 972 3026 vel
1001 2963 1134 3027 maximi
1162 2965 1315 3028 momenti
1338 2970 1396 3045 est,

134 3065 194 3131 UB
216 3066 377 3148 corrigere
393 3071 526 3131 conatus
543 3071 600 3131 est.
624 3102 665 3112 —
679 3085 711 3148 p.
728 3069 778 3147 48,
796 3069 814 3129 2
839 3065 923 3128 ἀλλὰ
945 3069 1001 3128 καὶ
1023 3065 1149 3146 μᾶλλον
1165 3067 1200 3128 εἴ
1212 3090 1245 3131 τι
1268 3072 1396 3131 τούτων

136 3169 199 3254 ὁρᾷ
223 3167 309 3242 (libri
332 3173 433 3254 ἑώρα)
459 3169 636 3249 δεομένους
661 3160 791 3244 αὐτούς.
834 3168 895 3231 Pro
918 3168 997 3230 εἴτι
1012 3167 1038 3231 Ρ
1053 3166 1152 3232 habet
1174 3173 1289 3254 ἥτινος
1312 3169 1397 3254 quod

135 3269 281 3354 ineptum
297 3275 355 3352 est,
376 3269 434 3334 UB
452 3277 611 3355 παρέχειν
627 3269 716 3332 εἴτι.
754 3268 965 3334 Scribendum
982 3274 1030 3334 est
1045 3273 1095 3332 ἔτι
1110 3290 1168 3353 pro
1184 3272 1219 3334 εἴ
1230 3296 1272 3336 τι.
1305 3271 1398 3350 Quod

135 3389 215 3435 vero
227 3369 285 3434 UB
298 3369 397 3452 addit,
415 3370 643 3453 interpolatum
658 3389 729 3435 esse
745 3372 939 3452 coarguitur.
954 3407 990 3415 —
1005 3392 1036 3455 p.
1049 3377 1099 3454 54,
1114 3376 1152 3437 18
1166 3372 1324 3456 quomodo
1339 3392 1397 3437 rex

136 3491 217 3554 erga
238 3473 438 3538 necessarios
461 3477 492 3537 et
515 3472 773 3554 consanguineos
795 3492 830 3537 se
853 3491 965 3554 gerere
988 3471 1105 3537 debeat
1126 3475 1190 3538 Dio
1214 3473 1316 3538 docet.
1349 3474 1397 3538 Ac

134 3578 306 3658 postquam
329 3573 412 3638 dixit
433 3593 498 3637 non
519 3579 586 3637 tarn
607 3571 642 3636 id
664 3592 762 3655 agere
784 3573 903 3639 bonum
925 3580 1092 3654 regem-ut
1111 3576 1308 3659 propinquos
1322 3596 1398 3642 suos

135 3675 249 3740 beatos
272 3674 395 3757 reddat,
420 3694 517 3758 quam
540 3681 574 3739 ut
597 3674 688 3756 digni
710 3676 774 3740 sint
795 3675 889 3758 regni
911 3675 1087 3759 participes
1103 3695 1174 3741 esse
1189 3682 1289 3760 utque
1303 3697 1397 3762 prop-

135 3782 186 3842 ter
200 3777 335 3841 virtutes
351 3777 455 3858 magis
471 3797 568 3860 quam
583 3783 714 3861 propter
729 3777 1041 3859 consanguinitatem
1056 3777 1097 3842 iis
1112 3776 1223 3842 favere
1238 3779 1397 3861 videatur,

136 3879 185 3944 siu
206 3885 346 3962 pergunt
369 3878 480 3962 optimi
502 3878 576 3943 libri
598 3878 669 3944 VP:
692 3885 748 3945 καί
770 3885 849 3956 τοὺς
870 3885 929 3961 μὲν
955 3877 1081 3957 ζῶντας
1095 3879 1244 3962 μάλιστα
1261 3886 1397 3944 πάντων

136 3981 254 4065 ἀγαπᾷ
277 3985 334 4044 καὶ
357 3980 478 4067 φίλους
501 3985 702 4065 ἀναγκαίους
724 3987 902 4063 νενόμικεν.
927 3990 1000 4058 τοῖς
1022 3987 1083 4064 μὲν
1105 3986 1167 4069 γὰρ
1193 3981 1308 4069 φίλοις
1324 3986 1398 4046 ἔστι

137 4081 383 4160 διαλύσασθαι,
414 4083 608 4168 δυσχέρειάν
639 4108 714 4147 τινα
745 4089 779 4148 ἐν
811 4088 926 4161 αὐτοῖς
948 4085 1119 4149 ἐνιδόντα·
1149 4089 1236 4170 πρὸς
1260 4084 1295 4148 δὲ
1319 4090 1398 4161 τοὺς

140 4192 309 4268 συγγενεῖς
332 4189 393 4248 etc.
437 4183 498 4248 Pro
522 4182 657 4265 ζῶντας,
681 4184 767 4270 quod
788 4186 927 4268 intelligi
949 4187 1071 4270 nequit,
1095 4185 1284 4271 ἐγγίζοντος
1306 4206 1398 4270 prae-

136 4283 214 4350 bent
228 4285 297 4350 UB.
332 4283 437 4362 Quam
459 4305 531 4351 esse
550 4287 724 4368 genuinam
740 4287 911 4352 lectionem
926 4307 990 4352 non
1006 4288 1206 4354 crediderim.
1241 4287 1398 4354 Desidere

138 4385 224 4449 enim
257 4383 478 4452 antecedentis
510 4388 669 4453 enuntiati
702 4389 894 4455 sententiam
922 4389 969 4453 ita
996 4390 1135 4456 Dionem
1162 4392 1330 4476 persequi,
1364 4397 1400 4455 ut

139 4483 227 4551 dicat
248 4487 321 4553 illos
343 4489 414 4570 regi
436 4508 477 4554 ex
499 4509 632 4555 numero
654 4490 905 4575 propinquorum
928 4492 1111 4559 carissimos
1133 4514 1213 4577 esse,
1237 4495 1294 4579 qni
1308 4498 1398 4558 tanto
