3068 5160
178 305 217 362 16
634 303 757 358 DIONIS
776 303 826 357 DE
845 302 971 358 REGNO

127 487 168 550 84
179 480 236 542 σύν
259 478 422 563 ἐπῄνεσεν
446 483 464 541 ό
483 471 600 567 Ἑρμῆς
621 481 678 542 καί
705 477 752 560 τῴ
775 480 836 540 Διί
864 479 1021 563 ἐφρασεν.
1069 479 1221 553 κάκεῖνος
1244 480 1444 564 ἐπέτρεψεν

177 581 266 663 αὐτῷ
289 580 481 663 βασιλεύειν
503 591 565 644 τοῦ
587 586 783 662 σύμπαντος
798 581 995 664 ἀνθρώπων
1016 583 1142 662 γένους,
1166 582 1212 654 ὠς
1229 581 1308 642 ἀντι
1327 580 1443 664 ἱκανῷ.

175 692 352 767 τοιγαροῦν
390 688 478 746 ὅπου
513 687 574 764 μὲν
603 682 673 746 ἴδοι
701 679 881 767 τυραννίδα
914 684 970 743 καί
1002 683 1163 765 τύραννον
1206 679 1354 760 ἐκόλαζε
1389 687 1444 747 καὶ

175 783 292 869 ἀνῄρει
322 789 415 870 παρά
446 807 483 848 τε
503 779 641 871 Ἕλλησι
668 788 725 847 καί
753 786 953 869 βαρβάροις·
983 787 1070 845 ὅπου
1101 780 1136 844 δέ
1165 782 1356 863 βασιλείαν
1389 791 1445 850 καί

176 883 330 966 βασιλέα,
353 889 452 968 ἐτίμα
467 891 524 951 καί
539 885 733 974 ἐφύλαττεν.
777 889 834 949 καί
850 884 906 948 διά
929 893 1028 947 τοῦτο
1052 894 1111 971 τῆς
1132 893 1192 971 γῆς
1212 889 1273 949 καί
1296 896 1373 951 τῶν
1390 891 1473 952 ἀντ

175 989 330 1072 θρώπων
361 998 495 1076 σωτῆρα
527 1010 543 1047 ιι
574 989 678 1066 εἶναι,
713 990 771 1067 οὐχ
806 992 860 1050 ότι
888 988 929 1048 τά
957 988 1066 1072 θηρία
1096 988 1211 1062 αὐτοῖς
1241 989 1444 1074 ἀπήμυνεν·

176 1093 285 1152 πόσον
307 1092 369 1174 γάρ
399 1093 440 1152 ἀν
462 1112 496 1153 τι
517 1093 574 1153 καί
595 1088 740 1172 βλάψειε
764 1087 847 1151 λέων
876 1091 895 1174 ἢ
922 1097 980 1163 σῦς
1003 1091 1137 1173 ἀγριος,·
1166 1081 1244 1150 ἀλλ’
1271 1093 1332 1153 δτι
1365 1096 1444 1168 τούς

176 1195 362 1276 ἀνημέρους
384 1196 440 1255 καί
463 1195 633 1277 πονηρούς
655 1192 863 1276 ἀνθρώπους
885 1186 1020 1266 ἐκόλαζε
1042 1193 1099 1252 καί
1120 1197 1186 1252 τῶν
1201 1193 1444 1279 ὑπερηφάνων

174 1299 344 1380 τυράννων
366 1292 503 1356 κατέλυε
525 1297 581 1356 καί
603 1295 767 1378 ἀφῃρεῖτο
790 1295 849 1379 τήν
871 1290 1037 1369 ἐξουσίαν.
1082 1296 1138 1355 καί
1166 1301 1223 1355 νῦν
1255 1295 1309 1356 ἔτι
1341 1305 1442 1359 τοῦτο

176 1394 250 1481 δρᾷ,
273 1398 329 1457 καί
351 1396 483 1479 βοηθός
506 1397 658 1457 ἐστικαὶ
681 1392 792 1480 φύλαξ
816 1412 871 1456 σοι
893 1403 952 1480 τῆς
975 1395 1086 1479 ἀρχῆς,
1116 1397 1180 1468 ἐως
1202 1395 1244 1456 ἀν
1272 1402 1443 1483 τυγχάνῃς
1462 1411 1482 1460 11

174 1494 371 1578 βασιλεύων.

464 1972 512 2048 (2)
536 1966 684 2048 ΠΕΡΙ
706 1963 1062 2046 ΒΑΣΙΛΕΙΑΣ
1091 1963 1136 2044 B.

135 2241 148 2298 1
260 2244 411 2324 Λέγεταί
433 2262 517 2305 ποτε
536 2236 755 2325 Ἁλέξανδρον
777 2241 824 2324 τῴ
849 2243 954 2325 πατρί
970 2237 1137 2322 Φιλίππῳ
1153 2244 1336 2326 μειράκιον
1355 2247 1485 2312 όντααε]

175 2340 398 2429 διαλεχθῆναι
426 2346 506 2427 περὶ
524 2337 667 2430 Ὁμήρου
695 2340 786 2422 μάλα
816 2340 978 2426 ἀνδρείως
1005 2345 1062 2405 καί
1085 2341 1374 2428 μεγαλοφρόνως·
1405 2349 1438 2408 οἱ

175 2443 210 2508 δὲ
235 2446 331 2507 αὐτοὶ
353 2442 448 2527 λόγοι
471 2444 565 2509 οὗτοι
590 2443 706 2525 σχεδόν
728 2466 762 2505 τι
784 2446 840 2506 καὶ
855 2446 935 2522 περὶ
949 2441 1126 2525 βασιλείας
1141 2442 1236 2530 ἦσαν.
1272 2448 1436 2529 ἐτύγχανε

172 2550 233 2627 μὲν
255 2548 317 2632 γάρ
341 2550 360 2608 ό
379 2539 598 2632 Ἀλέξανδρος
616 2550 877 2632 στρατευόμενος
900 2543 962 2630 ήδη
978 2547 1063 2626 μετά
1078 2554 1140 2608 τοῦ
1153 2550 1296 2632 πατρός,
1320 2551 1437 2611 καίτοι
1456 2563 1478 2613 11

172 2657 234 2711 τοῦ
263 2646 442 2711 Φιλίππου
471 2647 674 2724 κωλύοντος·
704 2651 723 2709 ό
752 2645 787 2708 δέ
818 2648 876 2726 ούχ
906 2647 977 2721 οίός
1006 2639 1037 2708 τ’
1070 2644 1110 2733 ήν
1138 2653 1290 2728 κατέχειν
1319 2652 1434 2728 αὐτὸν,

174 2752 289 2835 ὥσπερ
320 2753 354 2812 οί
379 2756 528 2833 γενναῖοι
557 2748 715 2823 σκύλακες
745 2749 802 2827 οὐχ
824 2751 1052 2829 ὑπομένουσιν
1078 2747 1344 2814 ἀπολείπεσθαι
1365 2760 1434 2814 τῶν

128 2842 130 2845 ’
172 2854 232 2914 ἐπί
253 2854 366 2937 θήραν
389 2849 557 2929 ἐξιόντων,
586 2849 670 2914 άλλά
695 2848 896 2927 ξυνέπονται
919 2848 1084 2926 πολλάκις
1110 2849 1367 2938 ἀπορρήξαντες
1391 2854 1432 2915 τά

137 2951 290 3032 2δεσμά.
336 2956 444 3015 ἐνίοτε
466 2956 527 3033 μὲν
550 2954 607 3015 οὖν
630 2956 853 3037 ταράττουσιν
882 2954 918 3013 ἐν
940 2951 987 3034 τῴ
1011 2954 1094 3037 ἔργῳ
1126 2951 1182 3016 διά
1204 2957 1265 3040 τήν
1287 2958 1432 3041 νεότητα

171 3057 228 3117 καί
256 3056 315 3140 τήν
345 3055 537 3134 ἐπιθυμίαν
568 3059 798 3141 φθεγγόμενοι
827 3055 894 3137 πρὸ
923 3061 985 3115 τοῦ
1010 3063 1131 3140 καιροῦ
1156 3058 1213 3118 καί
1240 3059 1279 3118 τδ
1303 3058 1477 3143 θηρίονίῦ

172 3157 387 3230 ἀνιστάντες·
410 3158 520 3219 ἐνίοτέ
540 3152 611 3239 <γε>
632 3158 697 3241 μήν
720 3150 810 3215 είλον
834 3156 931 3217 αὐτοὶ
956 3155 1248 3244 προπηδήσαντες.
1287 3167 1431 3221 τοιαῦτα

171 3259 298 3330 ἐκεῖνος
320 3258 449 3336 ἔπασχε
471 3261 509 3320 τδ
533 3267 680 3344 πρῶτον,
705 3259 792 3319 ὥστε
813 3258 870 3318 καί
891 3266 951 3343 τής
977 3260 1012 3321 ἐν
1034 3262 1232 3343 Χαιρωνείᾳ
1261 3263 1373 3347 μάχης
1396 3282 1431 3322 τε

170 3360 227 3420 καὶ
249 3360 341 3444 νίκης
365 3362 470 3444 φασίν
493 3362 593 3423 αύτδν
617 3359 727 3422 αἴτιον
749 3360 922 3441 γενέσθαι,
945 3368 1007 3421 τοῦ
1027 3364 1157 3446 πατρὸς
1180 3364 1358 3439 ὀκνοῦντος
1373 3366 1431 3426 τὸν

170 3458 331 3523 κίνδυνον.
377 3465 453 3524 τότε
477 3455 510 3525 δ’
537 3464 593 3525 οῦν
616 3465 686 3524 ἀπὸ
704 3463 882 3546 στρατείας
904 3463 1039 3546 ἥκοντες
1062 3465 1097 3525 ἐν
1111 3465 1185 3545 Δίῳ
1209 3473 1268 3550 τῆς
1283 3466 1431 3550 Πιερίας

171 3559 276 3621 ἔθυον
298 3566 374 3636 ταῖς
397 3565 568 3641 Μούσαις,
590 3567 647 3626 καί
668 3567 725 3625 τδν
749 3565 861 3644 ἀγῶνα
885 3570 951 3624 τῶν
971 3555 1164 3644 Ὀλυμπίων
1187 3567 1361 3644 ἐτίθεσαν,
1393 3571 1430 3629 δν
1450 3584 1474 3634 21

137 3663 279 3744 3φασιν
302 3664 441 3748 ἀρχαῖον
471 3663 559 3726 εἶναι
582 3657 667 3750 παρ’
694 3665 818 3737 αὐτοῖς.
864 3666 962 3748 ήρετο
993 3665 1050 3727 σύν
1078 3668 1177 3729 αύτδν
1206 3670 1225 3728 δ
1248 3665 1429 3743 Φίλιππος

257 3837 416 3916 Ῑδφρασεν
434 3844 508 3898 UBV
577 3842 748 3913 3ἐκύλαζεν
766 3845 815 3899 UV
879 3841 1069 3915 ῦέφύλαττεν
1086 3847 1137 3903 UV
1198 3851 1295 3916 6post
1311 3853 1428 3922 σωτῆρα

170 3925 234 3979 Wil.
253 3929 362 3996 supplet
380 3925 501 3998 ἔφασαν,
519 3929 566 3982 alii
583 3931 638 3984 alia
721 3936 734 3982 1
755 3933 820 3985 πῶυ
837 3946 888 3998 pro
907 3926 1004 3987 πόσον
1022 3931 1069 3985 UB
1155 3928 1266 4004 βλάφοι
1283 3933 1343 3987 PW

170 4013 185 4064 8
208 4003 370 4084 άνημύρουσ
387 4007 566 4087 ἀνθρώπουσ
582 4018 631 4070 καί
649 4009 796 4088 πονηροὺσ
814 4015 875 4080 (hoc
894 4016 963 4080 ord.)
981 4016 1007 4070 V
1067 4013 1207 4084 ἐκόλαζεν
1223 4016 1247 4071 U
1266 4013 1389 4086 ἐκόλαζε
1405 4037 1427 4073 t:

168 4097 396 4163 (cumrasura)V
448 4098 616 4156 9κατέλυεν
629 4101 677 4155 UV
749 4106 779 4154 10
799 4119 846 4156 σοι
863 4115 916 4154 om.
939 4099 1020 4160 UBv.
1039 4105 1091 4170 τῆσ
1109 4101 1203 4172 σῆσΒ
1272 4101 1429 4176 τυγχάνοισ

169 4178 229 4233 PW
300 4185 331 4235 16
349 4175 440 4240 αὐτὸν
457 4183 521 4239 libri
600 4190 632 4239 20
650 4181 847 4255 φθεγκόμενοι
866 4185 886 4237 Ρ
905 4201 979 4239 more
998 4200 1047 4239 suo
1117 4190 1165 4242 καί
1183 4187 1238 4240 huc
1255 4185 1427 4253 transposui3

169 4264 248 4331 vulgo
266 4267 364 4334 legitur
380 4275 444 4336 post
461 4275 565 4342 φθεγγ.
636 4275 666 4324 21
687 4262 863 4326 άνιστῦντεσ
879 4270 938 4323 PW
1007 4290 1040 4341 γε
1058 4271 1119 4326 add.
1138 4271 1239 4326 Reiske
1306 4270 1361 4338 μὲν
1378 4285 1428 4338 pro

168 4376 224 4452 μὴν
242 4383 300 4437 PW
387 4391 419 4440 22
436 4391 579 4466 χερωνείηι
602 4389 650 4443 UB
666 4374 822 4460 χῗρωνείοιι
840 4389 954 4454 (sich
1041 4393 1075 4443 24
1093 4372 1233 4458 στρατιᾶσ
1251 4389 1298 4444 UB
1369 4409 1428 4448 πιε·

170 4468 253 4538 ρείασ
270 4467 318 4522 UB
397 4475 429 4525 26
448 4468 585 4542 εἶ’ρετοῑί
656 4466 765 4530 αύτὸΡ
835 4472 870 4527 ef.
886 4473 966 4529 Diod.
984 4480 1025 4542 17,
1042 4475 1150 4530 16Arr.
1169 4480 1190 4541 1,
1209 4480 1236 4529 11
