3068 5160
580 319 716 378 ORATIO
734 322 783 377 XI.
1251 323 1309 382 127

58 493 206 576 ψασθαι
229 491 359 578 ῥᾳδίως
380 497 431 572 ἀν,
453 497 485 557 εί
506 494 696 577 ἐβούλοντο.
774 496 872 560 εἶπον
897 497 954 559 ούν
976 500 1029 559 ότι
1051 500 1107 560 καὶ
1129 489 1213 580 παρ’
1238 502 1317 582 ήμῖν
1328 501 1368 561 45

57 602 166 659 ταῦτα
198 592 347 677 λέγεται,
376 599 432 660 καί
461 603 605 682 προσέτι
634 601 680 674 ὡς
707 601 808 674 αύτός
830 601 978 684 ἑορακὼς
1000 598 1071 684 εἴην
1094 602 1129 661 έν
1149 591 1316 682 Ὀλυμπίᾳ

59 700 95 761 όν
124 695 174 781 τῷ
205 695 436 781 ὀπισθοδόμῳ
466 708 528 762 τού
555 702 618 763 νεὼ
649 694 834 786 τῆςἭρας
863 703 1046 787 ὑπόμνημα
1076 711 1135 788 τῆς
1163 703 1317 787 ἁρπαγῆς

61 801 193 886 ἐκείνης
221 802 258 863 ἐν
287 808 329 885 τῇ
357 797 469 885 ξυλίνῃ
493 801 626 885 κιβωτῷ
649 811 690 888 τῃ
713 804 919 887 ἀνατεθείσῃ
942 806 1009 865 ύπδ
1032 801 1210 886 Κυψέλου,
1240 805 1318 878 τούς

24 914 41 965 5
60 904 277 987 Διοσκόρους
299 904 437 982 ἔχοντας
459 907 518 990 τήν
538 896 667 989 Ἑλένην
689 907 930 990 ἐπιβεβηκυῖαν
952 913 993 990 τῇ
1014 903 1145 990 κεφαλῇ
1167 914 1227 991 τῆς
1249 904 1316 966 Αἴ-

60 1004 154 1089 θρας
191 1006 249 1067 καί
282 1013 343 1091 τῆς
375 1007 481 1090 κόμης
508 1003 685 1083 ἕλκουσαν,
718 1010 775 1070 καὶ
803 1010 999 1092 ἐπίγραμμα
1029 1009 1315 1091 ἐπιγεγραμμένον

61 1106 221 1191 ἀρχαίοις
248 1109 432 1192 γράμμασι.
541 1109 641 1170 Μετὰ
672 1105 708 1171 δὲ
737 1118 859 1187 ταῦτα,
889 1113 973 1195 ἔφη,
1004 1111 1215 1194 φοβούμενος
1237 1110 1365 1182 τούς46

64 1206 279 1293 Τυνδαρίδας
301 1201 562 1291 όἈγαμέμνων·
586 1212 755 1295 ήπίστατο
778 1213 840 1296 γάρ
864 1216 917 1274 ότι
941 1209 1033 1289 ξένος
1056 1214 1102 1274 ὢν
1119 1214 1176 1273 καὶ
1191 1207 1317 1295 ἔπηλυς

61 1314 164 1397 όρχοι
191 1319 259 1374 τῶν
277 1300 453 1396 Ἀργείων·
483 1309 641 1392 ἐβούλετο
670 1311 879 1397 προσλαβεῖν
909 1315 1029 1388 αύτούς
1050 1311 1232 1398 κηδεύσας,
1261 1315 1317 1375 καί

10 1422 43 1479 Ι
62 1410 122 1479 διδ
151 1421 253 1476 τοῦτο
282 1415 382 1498 ἔγημε
404 1411 722 1500 Κλυταιμνήστραν·
753 1417 812 1501 τήν
842 1412 877 1477 δὲ
898 1407 1026 1499 Ἑλένην
1053 1417 1232 1500 ἐμνήστευε
1255 1417 1315 1494 μὲν

61 1514 111 1599 τῷ
135 1512 292 1601 ἀδελφῷ,
323 1513 432 1590 οὐδείς
455 1512 490 1577 δὲ
513 1517 641 1601 ἔφασκε
664 1523 731 1578 τῶν
749 1508 910 1602 Ἑλλήνων
932 1519 1150 1601 ἐπιτρέψειν,
1176 1518 1315 1600 καὶγὰρ

62 1619 250 1703 προσήκειν
272 1621 412 1693 ἕκαστος
434 1616 524 1701 αύτῴ
547 1626 609 1679 τοῦ
629 1623 743 1700 γένους
758 1615 920 1704 μᾶλλονή
938 1617 1113 1701 Μενελάῳ,
1136 1616 1314 1703 Πελοπίδῃ

62 1721 146 1783 όντι.
184 1720 264 1806 ήκον
288 1716 323 1782 δὲ
345 1722 402 1783 καί
423 1717 553 1797 ἔξωθεν
577 1717 700 1783 πολλοὶ
720 1731 907 1807 μνηστῆρες
932 1719 988 1783 διά
1011 1742 1047 1782 τε
1065 1725 1125 1808 τήν
1142 1719 1242 1798 δόξαν
1257 1724 1316 1807 τήν

62 1823 147 1906 περὶ
168 1829 231 1884 τού
250 1819 392 1897 κάλλους
413 1825 469 1885 καί
491 1826 551 1909 τήν
575 1820 715 1903 δύναμιν
731 1831 797 1884 τῶν
813 1820 971 1907 ἀδελφῶν
985 1826 1041 1885 καὶ
1056 1831 1117 1885 τού
1132 1827 1271 1907 πατρός.

12 1934 42 1989 Ι
59 1920 174 1987 ἐδόκει
203 1923 261 1985 ούν
288 1943 349 2004 μοι
377 1926 433 1986 καί
461 1933 560 1986 τοῦτο
587 1921 716 2010 ἀληθὲς
740 1921 862 2005 λέγειν,
892 1928 979 1986 ὅπου
1002 1927 1061 2010 τήν
1084 1922 1316 1999 Κλεισθένους
1326 1929 1365 1988 47

59 2027 237 2109 θυγατέρα
270 2032 332 2086 τοῦ
361 2028 553 2089 Σικυωνίων
586 2029 747 2112 τυράννου
780 2028 837 2087 καὶ
869 2033 935 2087 τῶν
969 2027 1039 2086 ἀπό
1065 2015 1207 2101 Ἰταλίας
1240 2028 1315 2088 τινά

58 2129 272 2213 μνηστεῦσαί
309 2143 430 2212 φασιν·
464 2131 515 2191 ἔτι
548 2125 583 2190 δὲ
614 2121 858 2207 Ἱπποδάμειαν
890 2130 950 2213 τήν
986 2127 1157 2208 Οἰνομάου
1191 2126 1315 2209 Πέλοψ

59 2232 185 2316 ἔγημεν
206 2232 243 2292 έκ
264 2239 323 2316 τῆς
336 2222 452 2304 Ἀσίας
470 2233 685 2317 ἀφικόμενος,
711 2230 841 2314 Θησεύς
858 2228 893 2292 δὲ
910 2231 980 2290 ἀπὸ
997 2238 1058 2291 τοῦ
1074 2229 1316 2315 Θερμώδοντος

59 2341 225 2414 ποταμοῦ
251 2335 333 2413 μίαν
362 2340 429 2394 τῶν
455 2325 662 2413 Ἀμαζόνων·
693 2335 740 2406 ὡς
769 2329 804 2393 δὲ
834 2335 960 2406 ἐκεῖνος
989 2333 1072 2416 ἔφη,
1100 2335 1157 2395 καί
1184 2338 1244 2421 τήν
1263 2327 1313 2396 Ἰὼ
1326 2335 1365 2397 48

11 2446 41 2499 Ι
60 2436 260 2522 ἀφικέσθαι
273 2432 477 2498 ἐκδοθεῖσαν
493 2438 542 2510 είς
553 2434 744 2516 Αἴγυπτον,
762 2432 846 2496 ἀλλὰ
862 2437 906 2521 μή
923 2437 1004 2516 βούν
1019 2441 1197 2520 γενομένην
1210 2439 1316 2512 οὕτως

61 2539 296 2623 οἰστρήσασαν
318 2535 443 2600 ἐλθεῖν.
532 2540 639 2612 οὕτως
662 2534 697 2598 δὲ
721 2538 825 2611 ἔθους
848 2538 944 2611 όντος
966 2534 1137 2600 ἐκδιδόναι
1157 2541 1212 2600 καὶ
1236 2537 1316 2619 λαμ-

10 2652 49 2705 ίΙ)
60 2642 180 2723 βαίνειν
205 2646 362 2722 γυναῖκας
385 2632 470 2725 παρ’
496 2636 647 2725 ἀλλήλων
669 2641 726 2700 καὶ
747 2640 825 2712 τούς
849 2636 1010 2700 πλεῖστον
1033 2642 1222 2719 ἀπέχοντας
1243 2647 1316 2715 τοῖς

61 2738 310 2819 ἐνδοξοτάτοις,
331 2744 387 2804 καί
409 2744 467 2803 τόν
480 2732 700 2825 Ἀλέξανδρον
724 2741 916 2824 ἀφικέσθαι
937 2742 1021 2802 κατὰ
1041 2744 1223 2826 μνηστείαν
1238 2744 1314 2828 ἔφη,

61 2846 269 2907 πιστεύοντα
299 2852 340 2928 τῃ
369 2842 509 2923 δυνάμει
531 2851 592 2904 τοῦ
617 2844 762 2925 πατρός,
793 2840 910 2921 σχεδόν
933 2865 967 2905 τι
994 2841 1234 2924 βασιλεύοντος
1256 2853 1315 2930 τῆς

10 2936 179 3033 Ι,βίιίσίας
201 2947 354 3031 ἁπάσης,
387 2949 444 3008 καί
466 2943 542 3008 οὐδὲ
566 2941 653 3005 πολύ
676 2953 736 3029 τῆς
761 2947 886 3029 Τροίας
909 2948 1116 3031 ἀπεχούσης,
1146 2944 1257 3021 ἀλλως
1279 2968 1315 3009 τε

10 3038 24 3125 ἰ
60 3049 119 3110 καί
141 3055 209 3110 τῶν
230 3046 438 3111 Πελοπιδῶν
460 3046 522 3133 ήδη
548 3045 816 3109 δυναστευόντων
840 3050 875 3109 έν
897 3057 937 3132 τῃ
957 3040 1088 3111 Ἑλλάδι
1108 3051 1164 3111 καὶ
1187 3046 1315 3134 πολλῆς

10 3152 17 3179 ·'
60 3146 243 3230 ἐπιμιξίας
264 3155 451 3234 γενομένης.
489 3147 635 3211 ἐλθόντα
660 3146 695 3210 δέ
718 3151 802 3228 μετὰ
826 3147 958 3211 πολλοῦ
971 3147 1120 3212 πλούτου
1135 3153 1191 3213 καὶ
1206 3153 1366 3234 παρα-49

10 3250 18 3315 {⁸
62 3260 184 3338 σκευῆς
206 3254 254 3328 ὡς
276 3254 336 3314 ἐπὶ
356 3254 547 3337 μνηστείαν,
570 3253 626 3313 καὶ
643 3248 849 3336 διαφέροντα
865 3248 989 3328 κάλλει,
1015 3255 1064 3327 είς
1080 3250 1198 3334 λόγους
1215 3255 1314 3314 αύτδν

10 3356 20 3419 λ.
60 3363 273 3440 καταστῆναι
298 3351 473 3438 Τυνδάρεῴ
504 3375 540 3416 τε
565 3356 621 3416 καί
642 3358 715 3427 τοῖς
738 3351 901 3438 ἀδελφοῖς
924 3363 983 3439 τῆς
1002 3346 1146 3439 Ἑλένης,
1178 3353 1314 3437 λέγοντα

10 3444 144 3541 bucol
165 3465 225 3542 τῆς
248 3457 350 3542 ἀρχῆς
372 3465 431 3542 τῆς
449 3457 607 3540 Πριάμου
631 3457 686 3516 καὶ
708 3463 774 3516 τῶν
795 3459 976 3540 χρημάτων
998 3465 1059 3517 τοῦ
1081 3455 1238 3541 πλήθους
1260 3457 1315 3517 καί

60 3565 122 3645 τῆς
152 3554 257 3643 ἄλλης
287 3555 474 3637 δυνάμεως,
503 3561 559 3620 καί
581 3561 634 3620 ότι
657 3558 760 3618 αὑτοῦ
780 3558 928 3637 γίγνοιτο
951 3563 969 3642 ή
993 3556 1167 3638 βασιλεία·
1198 3560 1255 3618 τόν
1279 3554 1314 3618 δὲ

150 3807 319 3866 1είοιυ.Β
403 3804 557 3880 βούλοιντο
577 3809 605 3863 Μ
693 3805 805 3877 ἳπρὸσ
822 3805 902 3866 ἕτιοσ
920 3809 944 3864 U
962 3813 1021 3878 (pro
1040 3805 1081 3866 ἔτι
1099 3803 1153 3875 ὡσ)
1227 3805 1315 3878 ἑωρα-

61 3888 126 3949 κδισ
141 3892 192 3948 ΒΤ
245 3883 485 3964 Ίγράμμαοινῐί
538 3896 797 3966 ΒτυνόαρείόασΤ
850 3891 1009 3968 θάρχειΤ
1060 3890 1202 3966 κηδιοτάσ
1220 3893 1268 3948 UT

63 3984 96 4034 10
113 3973 257 4051 ἔγημαιΒ
327 3975 598 4050 κλυταιμὴστρανΤ
670 3984 698 4033 11
718 3975 774 4050 γὰρ
793 3980 889 4035 om.V
967 3985 999 4034 12
1018 3984 1172 4052 πελοπηόηι
1190 3980 1215 4036 V
1232 3979 1266 4045 (?)

62 4068 95 4119 15
114 4061 307 4121 πλεισθένουσ
323 4063 372 4117 VT
390 4063 571 4136 πλησθένουσ
588 4064 636 4119 UB
710 4070 739 4118 16
758 4066 910 4121 σικυωνίου
927 4065 997 4131 libri,
1016 4070 1124 4134 praeter
1141 4065 1167 4119 V
1252 4058 1314 4120 τινὰ

61 4165 114 4205 om.
132 4149 158 4206 V
175 4148 301 4206 τινασΤ
372 4154 401 4204 17
420 4152 493 4220 φασί
510 4170 573 4206 τινα
591 4153 762 4221 μνηστεῦσαι
779 4151 842 4215 (hoc
860 4149 972 4214 ord.)B
1048 4155 1076 4204 21
1100 4141 1176 4207 οὕτω
1195 4150 1265 4207 όὲΒ

63 4238 96 4289 22
115 4230 187 4292 τοὺσ
204 4228 414 4300 ένδοξοτότουσ
430 4233 505 4290 VUT
523 4239 571 4291 καί
595 4231 665 4292 τούσ
688 4233 743 4292 ένδ.
760 4236 798 4300 Β,
822 4251 891 4289 corr.
910 4235 990 4304 Emp.
1095 4238 1128 4289 24
1150 4231 1315 4307 βασιλείου

61 4337 118 4377 τοσ
135 4319 159 4375 Τ
175 4315 369 4393 βασιλεύοντα
386 4320 469 4374 ceteri
538 4325 568 4374 27
587 4324 636 4376 καί
653 4326 763 4391 ποίλῆσ
780 4320 1007 4393 παρασκευῆσῑ]
1078 4322 1109 4374 28
1127 4325 1211 4376 καλεῖ
1227 4314 1316 4376 αὐτὸν

61 4404 107 4462 εἰσ
117 4400 227 4477 λόγουο
238 4403 318 4459 UBM
329 4401 426 4462 κάλλει
439 4399 528 4462 αὐτὸν
540 4405 584 4462 εἰσ
595 4402 702 4477 ίόγουσ
714 4405 738 4459 Τ
750 4402 847 4463 κάλλει
860 4405 920 4462 είστ
933 4406 1005 4469 (sici)
1018 4401 1126 4476 λόγουσ
1139 4399 1228 4462 αὐτὸν
1240 4405 1264 4458 V

62 4493 95 4543 29
118 4493 167 4546 καί
183 4489 308 4561 λέγοντα
325 4489 395 4557 libri,
414 4505 482 4546 corr.
502 4490 602 4545 Reiske
662 4495 695 4544 30
714 4484 806 4563 ἀρχῆσ
823 4495 875 4548 τοῦ
894 4487 1026 4561 Πριάμου
1044 4490 1091 4545 ΒΤ
1109 4486 1266 4564 (προιάμου
1284 4491 1317 4556 Β)
