3068 5160
175 331 239 390 326
566 330 690 385 DIONIS
708 328 865 384 TARsch
883 329 1032 384 ALTERA

174 509 250 569 έστι
271 507 328 568 καὶ
349 509 443 579 ὅπως
467 502 594 589 δήποτε
617 507 765 567 ἄπεισιν.
804 507 900 590 έχρήν
922 509 1039 584 μέντοι
1060 506 1119 566 τὸν
1134 497 1229 584 (μέν)
1245 507 1429 587 πρυτανεύ-
1469 466 1474 567 1

175 628 257 671 οντα
280 616 339 693 τῆς
361 609 463 692 ἀρχῆς
485 608 563 681 τούς
586 603 622 683 ἒξ
642 615 750 692 μήνας
771 607 934 692 ήγεῖσθαι
955 610 1094 689 μέτρον·
1125 604 1225 668 τοῦτο
1249 607 1312 690 γάρ
1338 608 1358 667 ύ
1381 610 1430 669 νό-

174 730 240 790 μος
268 706 410 772 κελεύει·
438 711 496 770 τόν
524 713 641 789 μέντοι
668 728 704 790 γε
733 705 994 786 πολιτευόμενον
1017 716 1076 793 τής
1103 709 1234 783 εὐνοίας
1260 717 1321 794 τής
1346 711 1431 792 πρός

176 813 261 892 ὑμεῖς
281 813 337 874 καί
359 819 418 896 τής
440 813 525 896 ὑπὲρ
549 819 616 873 τῶν
637 816 758 872 κοινῶν
780 806 977 889 ἐπιμελείας
998 813 1055 873 καὶ
1074 808 1225 896 σπουδῆς
1239 813 1284 895 μή
1302 811 1352 889 μά
1365 812 1431 872 Δία

175 915 293 997 καιρόν
321 934 396 975 τινα
425 910 596 998 ἐξαίρετον
626 914 728 991 ἔχειν,
757 913 814 973 καί
842 908 947 972 ταῦτα
976 913 1100 996 βραχύν
1125 914 1248 989 ούτως,
1279 903 1359 973 ἀλλ’
1387 915 1454 987 είςύ

126 1015 167 1078 37
179 1015 259 1076 αύτό
288 1013 387 1076 τοῦτο
418 1012 639 1077 ἀποδύεσθαι
667 1015 724 1076 καὶ
752 1014 806 1075 ἀεὶ
834 1017 1051 1097 παραμένειν.
1096 1011 1153 1076 νῦν
1184 1011 1219 1075 δὲ
1250 1015 1371 1098 ὥσπερ
1402 1016 1433 1076 οἱ

176 1121 250 1191 τοῖς
278 1117 471 1199 ἀπογείοις,
499 1112 627 1195 μάλλον
657 1111 692 1176 δὲ
722 1120 795 1189 τοῖς
818 1116 887 1176 ἀπό
910 1121 978 1177 τῶν
999 1118 1134 1200 γνόφων
1158 1117 1331 1195 πνεύμασι
1354 1113 1432 1178 πλέ-

178 1238 289 1296 οντες,
319 1220 426 1292 οὕτως
450 1219 617 1302 φέρεσθε,
643 1214 762 1300 ἀνδρες
788 1220 948 1300 Ταρσεῖς,
972 1218 1048 1280 ούτε
1070 1227 1129 1303 τής
1151 1219 1312 1301 τοιαύτης
1336 1216 1432 1280 πολι-

176 1321 270 1393 τείας
293 1311 365 1380 ούτ>
384 1320 517 1380 έκείνου
539 1317 599 1380 τού
624 1315 713 1380 πλοῦ
734 1318 872 1398 βέβαιον
896 1308 968 1380 ούδ’
995 1317 1148 1405 ἀσφαλὲς
1170 1320 1307 1398 ἔχοντος
1327 1317 1432 1383 οὐδέν.

178 1419 354 1505 διαρκέσαι
368 1423 429 1499 μὲν
444 1421 506 1503 γάρ
523 1423 601 1505 άχρι
618 1422 746 1494 παντὸς
762 1412 791 1504 [ή
810 1416 1050 1505 διαστήματος]
1075 1422 1132 1501 ούχ
1155 1420 1227 1482 οἷαί
1241 1425 1279 1482 τέ
1294 1424 1386 1486 εἰσιν
1401 1425 1435 1486 αἱ
1453 1431 1471 1482 11

176 1521 334 1584 τοιαῦται
355 1518 563 1604 προσβολαί,
586 1519 750 1595 πολλάκις
773 1519 808 1581 δὲ
831 1520 1016 1585 κατέδυσαν
1039 1525 1186 1607 ἀκαίρως
1213 1525 1432 1607 προσπεσού-

179 1641 246 1686 σαι.
285 1620 354 1684 ἔδει
371 1619 406 1683 δὲ
423 1619 524 1684 πόλιν
541 1623 647 1696 ούτως
662 1617 807 1704 μεγάλην
829 1624 885 1683 καί
908 1620 1066 1705 λαμπράν
1088 1624 1175 1703 ἔχειν
1196 1627 1277 1700 τούς
1291 1623 1432 1712 ἀληθῶς

177 1722 416 1808 προνοοῦντας.
462 1726 565 1808 ταύτῃ
590 1721 626 1785 δὲ
643 1722 726 1797 ἴσως
741 1723 809 1782 ὑπό
826 1729 892 1783 τῶν
915 1725 1093 1807 έφημέρων
1116 1728 1326 1790 τούτωνκαὶ
1349 1731 1433 1814 πρός

179 1823 291 1907 ὀλίγον
315 1823 521 1910 δημαγωγῶν
545 1823 641 1888 οὐδὲν
663 1826 755 1886 ἔστιν
779 1825 912 1906 ἀγαθόν
936 1825 1074 1886 παθεῖν.

128 1928 167 1992 38
263 1930 343 2012 περὶ
370 1929 431 2007 μέν
462 1927 519 1989 σόν
547 1931 675 1989 τούτων
704 1928 760 1988 καὶ
788 1927 916 2009 μυρίων
945 1922 1056 1988 ἄλλων
1085 1922 1196 1986 πολλὰ
1224 1927 1266 1988 ἀν
1289 1928 1364 2006 ἔχοι
1385 1949 1434 2003 τις
1452 1936 1474 1986 11

179 2027 295 2111 λέγειν.
333 2031 411 2092 ἐπεὶ
434 2026 469 2092 δὲ
491 2031 548 2092 καὶ
570 2030 670 2104 αύτός
693 2020 757 2113 ἀφ’
783 2028 822 2113 ής
844 2024 1042 2112 ἐπεδήμησα
1064 2031 1190 2112 ήμέρας
1213 2029 1293 2107 ύμῖν
1315 2032 1433 2111 γέγονα

178 2129 386 2216 δημαγωγός,
407 2133 464 2194 καὶ
485 2130 591 2193 ταῦτα
613 2119 781 2210 ἐπιτιμῶν
797 2134 870 2203 τοῖς
884 2132 1064 2206 τοιούτοις,
1079 2149 1096 2187 *
1110 2132 1201 2209 ὅμως
1217 2131 1330 2194 εἰπεῖν
1348 2134 1433 2217 άπερ

176 2236 385 2316 ὑπεσχόμην,
410 2236 431 2293 ἀ
453 2236 624 2315 γιγνώσκω
648 2234 816 2316 περὶτῶν
839 2234 1026 2315 παρόντων.
1070 2234 1127 2295 καὶ
1149 2239 1287 2316 πρῶτον
1308 2235 1372 2315 μέν
1394 2236 1434 2297 τά

178 2336 265 2418 πρός
293 2336 351 2394 τόν
382 2337 574 2419 στρατηγόν.
620 2336 717 2395 ἔσται
747 2332 785 2396 δέ
805 2354 867 2414 μοι
889 2336 969 2418 περὶ
990 2336 1128 2395 πάντων
1152 2336 1170 2396 ό
1192 2331 1300 2418 λόγος.
1348 2341 1436 2423 φημί

179 2433 218 2520 δή
248 2436 360 2496 τοίνυν
382 2437 461 2509 τούς
483 2438 518 2496 ἑν
540 2437 678 2517 τοιαύτη
701 2439 908 2496 καταστάσει
929 2438 1168 2516 τυγχάνοντας,
1198 2438 1305 2500 ὁποία
1328 2435 1369 2524 δή
1395 2440 1474 2500 τά2

178 2537 235 2600 νῦν
265 2540 339 2599 ἐστι
367 2537 461 2620 πυρά
492 2542 613 2613 πᾶσιν,
645 2537 731 2597 ούτω
755 2538 937 2620 προσήκειν
962 2542 1115 2620 φρονεῖν,
1146 2539 1193 2612 ὡς
1213 2541 1297 2624 μήτε
1320 2543 1435 2602 πάντα

179 2636 399 2720 ἀνεξομένους
426 2640 483 2700 καὶ
508 2635 718 2724 παρέξοντας
741 2640 862 2713 αύτούς
884 2636 1003 2713 άπλῶς
1022 2639 1177 2724 χρῆσθαι
1197 2645 1270 2714 τοῖς
1290 2642 1351 2702 έπί
1374 2651 1435 2726 τῆς

179 2739 344 2822 ἐξουσίας,
368 2744 463 2816 ὅπως
484 2736 559 2823 (ἀν)
575 2742 672 2802 αύτοὶ
686 2738 828 2818 θέλωσι,
850 2742 911 2802 κάν
927 2742 976 2815 είς
993 2743 1105 2803 ότιούν
1121 2743 1286 2827 προίωσιν
1300 2741 1432 2824 ύβρεως

179 2846 235 2906 καί
264 2840 476 2920 πλεονεξίας,
505 2845 588 2927 μήτε
617 2845 664 2917 ὡς
689 2839 775 2916 όλως
796 2840 901 2926 μηδὲν
924 2840 1082 2918 οἴσοντας
1105 2840 1315 2919 διακεῖσθαι,
1344 2839 1430 2926 μηδὲ

181 2942 375 3028 προσδοκᾶν
404 2947 457 3004 ότι
479 2944 601 3018 Μίνως
629 2966 682 3019 τις
710 2947 802 3024 ὑμῶν
825 2941 986 3029 ἀφίξεται
1014 2953 1070 3008 νύν
1098 2947 1117 3030 ή
1141 2933 1292 3030 Περσεύς
1314 2944 1474 3024 &ntus-i

131 3047 170 3108 39
182 3043 374 3129 λησόμενος.
418 3046 456 3104 τό
486 3045 547 3123 μὲν
572 3046 634 3129 γάρ
658 3036 717 3130 ἐφ’
743 3048 835 3108 ἅπαν
858 3049 1051 3133 ἀποστῆναι
1073 3055 1135 3110 τού
1153 3047 1298 3132 βοηθεῖν
1321 3047 1439 3121 αὐτοῖς

179 3142 402 3228 ἀνδραπόδων
425 3147 508 3222 έστί,
530 3147 587 3208 καὶ
609 3144 775 3232 δυσχερές,
803 3150 833 3210 εί
853 3147 971 3232 μηδείς
994 3152 1090 3223 όκνος
1112 3145 1197 3233 μηδὲ
1218 3149 1358 3230 ὑποψία
1381 3170 1439 3210 κα·

268 3469 278 3516 1
298 3463 350 3532 μὲν
369 3457 422 3518 τὸν
439 3482 488 3536 πρ.
507 3463 537 3515 Μ
606 3465 659 3534 μὲν
675 3466 736 3521 add.
756 3467 899 3536 Emperius
987 3473 1001 3520 5
1020 3466 1153 3537 ἐξέρετον
1169 3467 1200 3522 Μ
1281 3471 1296 3522 6
1315 3460 1440 3526 ἀπολύε-

181 3554 250 3605 σθαι
267 3549 296 3602 Μ
366 3553 409 3605 όεῖ
422 3564 473 3618 pro
492 3543 537 3606 ἀεὶ
556 3550 585 3601 Μ
655 3541 688 3608 οὗ
706 3567 756 3620 pro
776 3550 803 3608 οἱ
822 3551 851 3604 Μ
916 3551 1091 3624 Θφὲρεσθαι
1109 3552 1139 3606 Μ
1209 3546 1306 3611 9ούύ’
1325 3552 1441 3612 ἐκείνου

179 3634 229 3691 UT
298 3631 454 3704 ἕχοντεςΤ
544 3640 574 3689 10
592 3630 609 3706 ἢ
627 3632 816 3707 διαστήματος
834 3635 946 3690 seclusit
964 3635 1079 3690 casaub.
1150 3643 1179 3692 11
1199 3631 1347 3710 ἀκεραίως
1368 3639 1440 3704 libri,

180 3734 250 3774 corr.
275 3712 376 3772 Reiske'
399 3733 432 3772 ex
453 3719 565 3787 interpr.
672 3725 702 3774 12
727 3712 803 3778 οὕτω
826 3721 850 3775 Β
965 3725 996 3776 13
1018 3717 1106 3792 ταύτῃ
1128 3721 1289 3791 Emporias,
1311 3718 1385 3796 αὕτη
1411 3725 1441 3778 Μ

180 3797 252 3876 αὐτῇ
276 3804 358 3858 ceteri
425 3797 565 3860 ύπόπτων
582 3804 612 3856 Μ
629 3798 685 3860 ὑπὸ
709 3805 821 3862 τούτων
838 3810 897 3861 τῶν
915 3806 939 3861 U
1019 3811 1049 3859 14
1070 3800 1176 3878 ὀλίγων
1197 3808 1259 3862 libri
1282 3823 1352 3863 corr.
1371 3826 1388 3863 v

179 3894 286 3958 μαθεῖν
308 3887 338 3940 Μ
356 3904 390 3940 m.
408 3903 449 3955 pr.
577 3891 607 3941 16
629 3882 684 3957 ἀφ’
708 3880 740 3959 ἧς
768 3906 819 3945 om.
843 3891 881 3944 M.
1004 3896 1034 3947 17
1058 3898 1122 3960 post
1144 3888 1289 3958 τοιούτοις
1311 3893 1440 3948 lacunam

181 3973 343 4042 significavi3
367 3968 522 4038 τοιούτοις,
545 3967 598 4042 (ού
622 3969 695 4029 πολύ
719 3994 751 4046 γε
774 3974 884 4031 ἐκτῶν
906 3980 955 4033 νύν
972 3973 1128 4049 εἰρημένων
1146 3972 1227 4034 ἔοικα
1250 3974 1440 4050 παραμυθού·

181 4079 266 4128 μενοι
284 4052 441 4129 ὠφελήσειν
458 4051 543 4126 ὑμᾶς,
562 4053 704 4130 βούλομαι
722 4051 768 4127 δ’)
787 4051 865 4129 ὅμως
953 4068 982 4116 17
1001 4055 1020 4119 ἀ
1038 4055 1204 4134 ύπεογύμην
1220 4061 1295 4118 UBT
1318 4061 1439 4116 scriben-

181 4145 258 4198 dum:
282 4140 430 4219 καθύπερ;
456 4133 555 4214 ὥσπερ
574 4143 751 4198 casaubonus
838 4149 870 4199 20
888 4148 986 4203 τοίνυν
1003 4147 1095 4202 malim
1112 4149 1208 4202 abesse
1293 4151 1324 4201 21
1346 4138 1440 4213 ούτως

180 4229 230 4284 UT
309 4224 448 4300 προσήκει
465 4227 539 4284 UBT
625 4233 657 4282 22
676 4223 868 4299 ἀναξομὲνους
886 4231 916 4284 Μ
1001 4224 1105 4297 αύτούς
1121 4232 1196 4298 libri,
1213 4247 1283 4287 corr.
1301 4231 1383 4300 Emp.

181 4317 213 4367 23
233 4310 269 4372 ἀν
286 4314 346 4369 εδδ.
365 4314 444 4382 Emp.
516 4316 549 4366 24
567 4312 638 4379 τέως
654 4330 704 4381 pro
722 4312 791 4386 μήτε
811 4310 850 4381 ἀς
868 4317 896 4368 Μ
966 4321 998 4371 25
1015 4311 1072 4387 μὴν
1089 4311 1129 4383 ὡς
1146 4315 1177 4370 Μ
1262 4311 1279 4388 ἢ
1297 4322 1438 4390 περσεκαῖ

180 4395 257 4466 ἐπιμ.
276 4398 299 4451 Τ
386 4401 418 4452 26
436 4391 598 4469 ἀποστῆναι
622 4399 743 4466 GeeliuS,
769 4397 892 4457 ύνιιστον
913 4396 984 4458 εἶναι
1007 4401 1068 4455 libri
1173 4398 1270 4467 αὐτοῖς
1288 4401 1368 4458 MUT

182 4487 213 4537 27
231 4479 482 4554 καταληφθήσεται
500 4482 530 4536 Μ
