3068 5160
187 302 247 360 152
657 297 779 354 DIONlS
798 297 961 355 TROIANA

185 479 241 538 καὶ
265 473 383 561 φιλίας
406 475 521 547 αάτοῖς
543 478 730 557 γενομένης,
755 470 922 558 δεηθῆναί
943 493 979 534 τε
1001 472 1169 557 βοηθείας
1184 477 1303 551 τυχεῖν,
1328 469 1445 557 διηγη-

188 581 331 656 σάμενον
354 579 415 650 τάς
437 596 472 636 τε
492 566 749 655 Ἀγαμέμνονος
771 577 827 636 καί
850 575 911 649 τάς
945 576 1049 636 αὐτοῦ
1081 576 1267 659 συμφοράς.
1323 576 1382 636 τόν
1408 572 1445 636 δέ

187 677 367 760 ἀναλαβεῖν
391 679 490 738 αὐτόν
513 678 631 755 ἔχοντα
655 674 770 758 όλίγας
792 683 872 750 ναῦς
894 677 950 738 καί
971 680 1073 761 μέρος
1095 698 1130 738 τι
1146 674 1361 760 παραδοῦναι
1383 685 1447 762 τῆς

110 786 172 845 144
190 787 358 866 στρατιάς,
381 776 499 864 ἐπειδὴ
517 786 632 840 πᾶσαν
648 780 723 857 ἐσχε
746 780 805 864 την
825 780 947 862 χώραν.
993 779 1132 862 ὕστερον
1157 775 1192 839 δέ
1208 785 1275 840 τῶν
1287 767 1447 857 Ἀχαιῶν

186 886 265 958 τοῦς
288 885 494 956 ἐκπεσόντας
516 884 583 943 ῦπό
607 882 786 965 Δωριέων,
817 883 1031 964 ἀποροῦντας
1059 882 1142 941 όποι
1164 881 1364 963 τράπωνται
1395 872 1446 943 δι’
1472 893 1488 942 ι’)

187 987 381 1062 ἀσθένειαν,
406 986 455 1058 εἰς
470 986 528 1069 την
548 975 677 1044 Ἀσίαν
699 979 816 1046 ἐλθεῖν
835 985 881 1057 ὡς
904 984 998 1065 παρά
1023 978 1144 1066 φίλους
1166 1002 1201 1043 τε
1223 985 1280 1044 καί
1302 984 1449 1045 ἐνσπόν-

188 1085 267 1162 δους
289 1089 367 1161 τοὺς
390 1087 460 1146 ἀπό
483 1087 643 1170 Πριάμου
667 1105 702 1147 τε
725 1078 956 1169 καίἝκτορος,
979 1085 1119 1164 Λέσβον
1141 1105 1177 1146 τε
1201 1086 1338 1170 οἰκῆσαι
1359 1087 1446 1146 κατά

191 1186 309 1275 φιλίαν
333 1193 509 1272 παρέντων
531 1189 587 1249 καί
610 1184 695 1248 ἀλλα
720 1188 757 1247 οά
780 1189 882 1272 μικρά
903 1189 1021 1271 χωρία.

276 1295 370 1365 ὅστις
394 1288 429 1352 δέ
459 1292 503 1375 μη
535 1289 698 1351 πείθεται
723 1290 857 1364 τούτοις
879 1292 946 1350 ὑπό
970 1298 1029 1374 τῆς
1052 1285 1200 1363 παλαιάς
1224 1286 1339 1373 δόξης,
1370 1291 1446 1351 ἐπι·

191 1394 334 1454 στάσθω
351 1389 516 1465 ἀδύνατος
532 1393 578 1452 ὠν
594 1387 831 1476 ἀπαλλαγῆναι
846 1392 981 1475 ἀπάτης
995 1393 1051 1453 καί
1067 1388 1249 1472 διαγνῶναι
1267 1393 1305 1452 τό
1318 1387 1450 1472 ψεῦδος
1471 1398 1498 1450 11

112 1498 173 1558 145
190 1496 260 1555 ἀπό
284 1502 345 1555 τοῦ
366 1491 527 1577 ἀληθοῦς.
565 1495 603 1553 τό
619 1493 681 1576 γάρ
698 1493 929 1554 πιστεύεσθαι
952 1489 1059 1555 πολόν
1079 1495 1200 1577 χρόνον
1221 1495 1289 1554 ῦπό
1308 1493 1447 1577 ἀνθρώ·

190 1616 265 1656 πων
287 1592 435 1679 ηλιθίων
459 1591 554 1656 οὐδέν
576 1596 669 1656 ἐστιν
692 1596 827 1679 ίσχυρόν
851 1591 927 1655 ου’δέ
951 1597 1003 1655 ότι
1025 1596 1067 1655 τά
1084 1592 1192 1681 ψευδῆ
1209 1592 1332 1680 ἐλέχθη
1351 1596 1447 1679 παρά

189 1703 262 1771 τοῖς
285 1700 466 1781 πρότερον·
494 1698 573 1758 ἐπεί
593 1716 649 1758 τοι
670 1699 727 1759 καί
749 1698 828 1781 περί
851 1692 961 1756 ἀλλων
985 1692 1121 1758 πολλῶν
1145 1693 1367 1782 διαφέρονται
1389 1699 1448 1760 καί
1461 1709 1505 1760 (191
1518 1729 1527 1747 0

189 1800 350 1860 τάναντία
374 1794 581 1875 δοξάζουσιν.
624 1799 696 1860 οῖον
719 1800 823 1873 εόθός
847 1800 926 1882 περί
948 1805 1009 1858 τοῦ
1029 1799 1203 1881 Περσικοῦ
1223 1797 1387 1879 πολέμου,
1413 1801 1447 1861 σί

189 1905 249 1980 μέν
274 1918 379 1985 φασιν
402 1903 544 1984 ὑστέραν
567 1901 729 1981 γενέσθαι
751 1896 810 1984 τὴν
834 1902 913 1984 περὶ
928 1896 1102 1978 Σαλαμῖνα
1119 1902 1304 1979 ναυμαχίαν
1328 1910 1389 1987 τῆς
1412 1904 1447 1963 ἐν
1470 1909 1497 1962 15

190 2000 385 2076 Πλαταιαῖς
407 2005 530 2087 μάχης,
562 2004 595 2063 οῖ
619 2000 653 2064 δέ
677 2009 744 2063 τῶν
767 2004 871 2085 ἔργων
894 1999 1085 2063 τελευταῖον
1108 2000 1196 2063 εἶναι
1224 2005 1262 2064 τό
1292 2005 1328 2065 ἐν
1350 2000 1446 2064 Πλα-

112 2107 321 2179 146ταιαῖς’
350 2107 463 2167 καίτοι
485 2124 520 2186 γε
543 2107 672 2190 ἐγράφη
697 2113 901 2190 παραχρῆμα
924 2110 990 2165 τῶν
1014 2104 1128 2187 ἔργων.
1174 2104 1211 2164 οὐ
1241 2105 1303 2187 γάρ
1329 2104 1446 2168 ἴσασιν

191 2210 225 2268 οί
247 2204 371 2269 πολλοὶ
392 2209 430 2268 τὸ
454 2207 605 2290 ἀκριβές,
629 2203 713 2266 ἀλλά
738 2208 851 2291 φήμης
874 2206 1034 2266 ἀκούουσι
1055 2208 1176 2285 μόνον,
1204 2207 1260 2269 καί
1282 2215 1388 2269 ταῦτα
1413 2210 1447 2270 σί

190 2312 363 2390 γενόμενοι
385 2310 469 2370 κατά
485 2311 543 2370 τόν
556 2311 676 2392 χρόνον
692 2310 833 2369 ἐκεῖνον·
859 2309 892 2368 οἱ
908 2304 945 2368 δέ
961 2304 1112 2392 δεύτεροι
1125 2309 1182 2370 καί
1196 2309 1307 2392 τρίτοι
1322 2306 1446 2385 τελέως

192 2413 332 2493 ἀπειροι
361 2412 418 2472 καί
447 2413 511 2486 ό,τι
538 2411 578 2470 ἀν
607 2407 686 2491 εἴπῃ
717 2430 769 2482 τις
799 2406 1050 2491 παραδέχονται
1078 2406 1222 2494 ῥηιδίως·
1252 2412 1358 2472 όπότε
1386 2414 1445 2474 τόν
1468 2422 1497 2474 10

191 2514 348 2596 Σκιρίτην
370 2514 430 2591 μέν
455 2509 551 2590 λόχον
575 2505 778 2590 ὀνομάζουσι
793 2507 1078 2589 Λακεδαιμονίων
1100 2507 1331 2596 μηδεπώποτε
1354 2517 1446 2594 γενό-

191 2634 301 2692 μενον,
326 2616 372 2688 ὣς
395 2631 481 2700 φησι
499 2610 717 2698 Θουκυδίδης,
737 2603 917 2695 Ἁρμόδιον
942 2609 977 2673 δέ
993 2613 1050 2673 καί
1061 2603 1343 2697 Ἀριστογείτονα
1360 2618 1446 2677 πάν-

191 2737 258 2778 των
281 2713 429 2795 μάλιστα
449 2708 642 2800 Ἀθηναῖοι
667 2721 828 2794 τιμῶσιν,
859 2716 905 2788 ὡς
928 2710 1225 2797 ἐλευθερώσαντας
1255 2711 1314 2800 τὴν
1344 2713 1446 2779 πόλιν

111 2821 172 2882 147
193 2820 249 2879 καὶ
272 2815 451 2892 ἀνελόντας
474 2821 531 2879 τόν
554 2820 724 2902 τύραννον.
761 2817 818 2878 καί
839 2816 873 2876 τί
896 2812 952 2876 δεῖ
969 2817 1193 2900 τάνθρώπεια
1217 2813 1333 2898 λέγειν,
1357 2821 1445 2881 ὅπου

191 2922 249 2981 τόν
278 2921 339 2998 μὲν
365 2918 515 3005 Οὐρανόν
542 2916 694 2997 τολμῶσι
726 2914 831 2998 λέγειν
860 2918 916 2978 καὶ
945 2919 1132 2980 πείθουσιν
1160 2920 1206 2993 ὡς
1234 2921 1446 3004 ἐκτμηθέντα
1469 2932 1496 2982 bi

190 3024 258 3083 ὑπὸ
282 3029 343 3081 τοῦ
364 3023 512 3106 Κρόνου,
541 3023 600 3082 τόν
623 3021 754 3103 Κρόνον
778 3016 813 3079 δέ
836 3021 903 3080 ὑπὸ
926 3027 989 3082 τοῦ
1008 3021 1113 3096 Διός,·
1140 3028 1202 3082 τοῦ
1221 3021 1284 3106 γάρ
1307 3025 1446 3106 πρώτου

191 3120 450 3202 καταλαβόντος,
476 3124 591 3206 ὥσπερ
615 3119 750 3197 εἴωθεν,
778 3123 909 3184 ἀτοπον
932 3125 970 3184 τό
994 3123 1186 3208 πεισθῆναί
1207 3125 1290 3186 ἐστι.

276 3222 443 3307 βούλομαι
459 3222 494 3287 δέ
510 3227 566 3287 καί
581 3227 661 3310 περί
673 3217 816 3310 Ὁμήρου
840 3221 1140 3310 ἀπολογήσασθαι,
1164 3228 1210 3300 ὡς
1233 3227 1291 3288 οῦκ
1307 3223 1446 3304 ἀνάξιον

192 3325 366 3408 ὁμολογεῖν
396 3325 486 3408 αὐτῷ
515 3324 724 3409 ψευδομένῳ.
779 3334 915 3411 πρῶτον
944 3329 1005 3407 μὲν
1033 3328 1096 3412 γάρ
1127 3325 1215 3390 πολι)
1244 3325 1373 3391 ἐλάττω
1404 3331 1446 3391 τά

278 3533 289 3582 1
311 3519 519 3600 όιηγησιίμενασ
536 3528 617 3592 libri,
643 3541 712 3582 corr.
730 3526 832 3581 Reiske
918 3532 935 3581 4
955 3530 1110 3599 στρατειᾶσ
1133 3533 1168 3592 (ει
1185 3527 1215 3581 in
1231 3528 1325 3597 litura)
1341 3529 1371 3584 bl

192 3620 205 3667 7
220 3609 345 3686 ἕκτορσσ
357 3609 508 3685 λαβόντασ
521 3613 634 3684 οἰκῆσαι
645 3611 716 3678 libri,
730 3627 799 3666 corr.
813 3610 923 3666 Geelius
976 3615 991 3665 8
1004 3608 1150 3685 παρέντεσ
1161 3613 1231 3680 libri,
1245 3629 1315 3669 corr.
1329 3614 1396 3670 Wil.

194 3704 224 3753 12
245 3689 317 3756 όταν
335 3694 370 3755 τὰ
389 3698 419 3752 Μ
497 3695 619 3771 ἐλέγχθη
636 3697 666 3750 Μ
749 3700 779 3752 13
798 3699 847 3753 καί
865 3697 941 3764 prius
960 3702 1024 3765 poet
1041 3701 1157 3753 πολλῶν
1172 3697 1248 3763 libri,
1272 3697 1327 3752 bue
1343 3701 1448 3768 tranep.

192 3784 291 3839 Reiske
346 3775 558 3856 1511στερονΤ
613 3782 857 3839 16πλατεαῑσΠΒ
875 3772 1017 3838 πλακὲαισ
1035 3782 1063 3835 Μ
1082 3785 1208 3851 (utroque
1225 3782 1296 3849 loco)
1350 3789 1380 3838 11
1399 3788 1449 3842 καὶ

191 3873 281 3926 ταῦτα
294 3864 447 3940 ἐγράφηΜ
503 3872 533 3921 19
546 3863 674 3939 δεύτεροι
686 3866 812 3931 (lebetum
829 3856 945 3938 {larsem
957 3866 1020 3920 libri
1072 3871 1104 3921 20
1117 3864 1193 3925 είποι
1205 3867 1286 3924 τισΤ
1343 3872 1376 3924 21
1390 3888 1449 3926 σκι-

193 3953 278 4027 ρήτην
293 3955 322 4024 ¹U
341 3954 439 4024 σκιίρη
458 3948 509 4023 τὴν
523 3951 552 4004 Μ
572 3946 745 4024 σκυρὴτηνΒ
764 3952 898 4024 σκυρίτην
916 3951 1102 4024 ΤΣκιρίτηνι
1120 3969 1185 4008 num
1201 3953 1261 4023 ipse
1278 3953 1331 4008 Dio
1349 3968 1449 4022 peeca-

190 4041 247 4093 vit‘?
266 4034 429 4108 Πιτανάτην
446 4036 565 4106 appellat
583 4036 740 4090 Thumi)
818 4027 955 4104 λόφονΜ
1033 4040 1066 4091 22
1084 4058 1122 4109 φη
1140 4035 1170 4089 M
1239 4041 1271 4092 23
1289 4035 1449 4111 ἐλευθερῶ·

193 4144 283 4181 σαντα
302 4129 330 4179 et
348 4116 490 4180 ἀνελόντα
508 4123 534 4177 U
603 4124 636 4175 24
653 4125 717 4190 post
734 4117 876 4192 τύραννον
897 4122 1045 4190 excidieee,
1067 4123 1165 4192 quibus
1188 4124 1337 4178 eommunis
1356 4123 1450 4193 opinio

192 4209 367 4274 refelleretur,
380 4207 477 4262 statuit
486 4206 587 4261 Reiske
639 4208 668 4262 τί
680 4201 748 4278 ‹th
800 4202 1013 4277 τανθρώπιαΜ
1074 4212 1107 4264 25
1120 4209 1254 4265 πείθουσι
1266 4209 1397 4274 (πίθουσι
1409 4208 1451 4275 Μ)

191 4296 240 4347 καὶ
257 4295 385 4361 τολμῶσι
402 4288 496 4364 λέγειν
513 4291 576 4357 (hoe
595 4291 663 4358 ord.)
680 4292 749 4356 libri,
768 4296 904 4359 transpoe.
924 4291 1034 4347 Geelius
1120 4291 1296 4365 ἐκβληθέντα
1312 4292 1378 4348 Wil.

193 4379 226 4430 26
244 4380 297 4432 τοῦ
314 4374 370 4450 γὰρ
385 4406 416 4417 -
430 4374 490 4433 ἐστι
508 4392 562 4432 non
579 4377 705 4444 intellego
793 4381 824 4429 21
844 4370 879 4432 τὸ
898 4380 1050 4447 πεισθῆναι
1074 4372 1115 4434 ἐτι
1133 4379 1159 4433 U
1177 4373 1212 4434 τὸ
1230 4372 1269 4449 μὴ
1294 4380 1452 4450 πεισθῆναι

194 4455 276 4517 ἐτιΤ
362 4459 440 4516 ἐστιν
457 4461 486 4513 Μ
575 4465 606 4515 28
625 4464 691 4534 περὶ
708 4462 800 4517 τοῦΒ
888 4465 920 4516 29
940 4456 974 4519 οῦ
991 4458 1065 4520 πολὺ
1082 4462 1153 4529 libri,
1171 4478 1241 4518 corr.
1261 4462 1371 4518 Geelius
