3068 5160
570 347 706 405 ORATIO
724 347 852 403 XXXIII.
1262 353 1324 414 303

73 532 254 611 συμμάχων
276 529 314 588 τό
345 523 481 611 πλῆθος
503 527 522 609 ἢ
546 531 613 586 τῶν
636 521 765 585 πεδίων
786 525 806 608 ἢ
829 532 889 608 τῆς
905 515 998 606 Ἴδης
1019 527 1058 587 τό
1079 522 1201 602 κάλλος
1223 530 1242 614 ἢ
1266 540 1328 593 τοῦ

70 635 253 712 Σιμόεντος
274 630 293 713 ἢ
317 635 379 690 τού
398 623 539 695 Ξάνθου
562 632 624 687 τοῦ
645 619 824 707 δινήεντος,

158 733 195 795 δν
218 733 394 804 ἀθάνατος
416 733 528 791 τέκετο
547 730 642 801 Ζεύς.

72 839 184 899 καίτοι
215 835 300 921 φησὶ
327 832 384 893 καὶ
409 833 521 915 πηγάς
542 851 638 904 τινας
660 831 749 891 πάνυ
771 827 876 905 καλάς
898 833 933 893 έν
955 831 1003 915 τῴ
1026 840 1238 920 προαστείῳ,
1267 844 1327 927 τὴν

36 950 50 998 5
71 942 131 1019 μέν
155 935 305 1021 ἀλεεινὴν
327 935 384 995 καί
407 929 541 1018 σφόδρα
564 938 757 1016 προσηνοῦς
778 929 911 1010 ύδατος,
936 934 1023 997 ὥστε
1044 939 1101 1000 καί
1115 943 1244 1003 καπνόν
1260 936 1324 1003 ἀπ’

74 1043 175 1125 αύτης
204 1036 418 1121 ἐγείρεσθαι,
448 1037 508 1120 τὴν
538 1025 570 1096 δ>
601 1035 750 1095 ἐοικυῖαν
772 1042 814 1118 τῇ
841 1038 1030 1120 ψυχρότητι
1051 1039 1244 1124 κρυστάλλῳ
1268 1053 1329 1106 τού

72 1144 214 1227 θέρους,
246 1141 333 1201 ὥστε
360 1138 417 1199 καί
438 1137 564 1220 θέρους
585 1137 641 1198 καὶ
660 1142 827 1215 χειμῶνος
848 1139 892 1221 μη
918 1134 1085 1224 δυσχερῶς
1108 1140 1246 1207 πλύνειν
1268 1147 1329 1220 τάς

72 1241 176 1318 καλάς
201 1243 326 1326 Τρώων
355 1239 556 1320 θυγατέρας.
603 1238 641 1298 ού
670 1241 774 1317 μόνον
797 1234 833 1299 δέ
857 1235 992 1322 πλούτῳ
1016 1245 1073 1306 καί
1091 1248 1205 1330 χώρας
1227 1248 1329 1331 ἀρετῇ
1338 1257 1377 1318 21

73 1348 130 1431 καί
153 1342 283 1428 πλήθει
306 1339 480 1425 διέφερον,
513 1336 598 1400 ἀλλά
620 1342 676 1402 καί
698 1339 883 1422 ἀνθρωποι
904 1339 1081 1408 κάλλιστοι
1103 1338 1188 1431 παρ’
1208 1349 1329 1422 -αύτοῖς

23 1457 52 1508 10
74 1450 260 1531 ἐγίγνοντο,
282 1445 339 1505 καί
360 1440 480 1526 ἀνδρες
501 1442 558 1502 καί
578 1445 747 1522 γυναῖκες,
769 1443 825 1503 καὶ
848 1443 954 1506 ἵπποι
975 1449 1148 1526 τάχιστοι,
1170 1451 1227 1511 καί
1248 1450 1329 1511 θεο-

77 1547 189 1636 φιλεῖς
218 1544 354 1608 ἐδόκουν
385 1544 493 1621 είναι,
525 1545 583 1605 καί
610 1544 713 1622 τείχει
740 1549 981 1628 καρτερωτάτῳ
1012 1558 1330 1637 περιπεφραγμένοι

75 1649 169 1736 ἦσαν.
215 1643 264 1732 [τό
294 1652 355 1727 μέν
376 1667 412 1728 γε
435 1650 545 1724 τεῖχος
568 1645 684 1719 αὐτοῖς
705 1643 925 1722 Ποσειδῶνος
947 1650 1043 1733 ἔργον
1065 1649 1105 1737 ἦν
1127 1657 1183 1717 καί
1206 1645 1330 1716 Ἀπόλ-

77 1751 191 1826 λωνος.
229 1753 248 1811 δ
270 1747 306 1812 δὲ
329 1751 415 1823 Ζεύς
435 1755 503 1810 τῶν
525 1749 593 1808 ὑπὸ
616 1748 675 1808 τόν
696 1743 792 1830 ἥλιον
808 1746 941 1812 πόλεων
956 1753 1084 1838 ἐκείνην
1100 1757 1166 1840 ἐφη
1181 1753 1330 1835 μάλιστα

76 1857 262 1938 ἀγαπῆσαι.
307 1855 408 1930 τάχος
437 1839 469 1911 δ’
497 1849 626 1925 ἵππων,
651 1849 736 1909 ὥστε
759 1841 818 1909 ἐπ’
844 1853 954 1935 ἀκρων
976 1855 1056 1917 θεῖν
1078 1864 1145 1918 τῶν
1170 1861 1330 1936 σταχύων.

24 1966 53 2016 15
75 1959 135 2018 ἐπὶ
156 1951 272 2016 κάλλει
295 1951 331 2014 δέ
346 1947 544 2035 Γανυμήδην
568 1950 587 2009 ὁ
608 1951 693 2022 Ζεύς
715 1951 903 2035 ἐποιήσατο
928 1955 1089 2034 οἰνοχόον.
1124 1949 1330 2042 Ἀλεξάνδρῳ

78 2055 113 2120 δέ
137 2060 173 2119 ἐκ
194 2065 254 2141 τῆς
272 2046 428 2125 Ἑλλάδος
451 2047 730 2133 ἐπηκολούθησεν
752 2056 771 2134 η
792 2053 912 2138 ἀρίστη
929 2063 995 2118 τῶν
1010 2060 1143 2121 ἐκεῖθεν
1158 2068 1331 2140 γυναικῶν.

78 2162 136 2244 την
161 2154 196 2219 δέ
213 2144 595 2237 ΚασσάνδρανὍμηρος
618 2153 657 2212 ού
673 2169 759 2236 φησι
783 2151 969 2218 λείπεσθαι
990 2168 1049 2244 της
1066 2153 1271 2246 Ἀφροδίτης
1293 2165 1331 2224 τό

79 2253 193 2342 εἶδος]
231 2247 306 2318 ἀλλ’
325 2258 425 2335 όμως,
441 2251 559 2339 ἐπειδὴ
573 2256 681 2339 τρυφὴ
697 2256 753 2316 καί
765 2257 862 2341 ὕβρις
873 2256 1033 2342 εἰσῆλθεν
1051 2263 1172 2338 αύτούς
1183 2266 1240 2326 καί
1250 2283 1330 2325 παι·
1343 2272 1383 2334 22

81 2360 174 2435 δείας
188 2361 245 2421 καὶ
261 2358 483 2443 σωφροσύνης
502 2353 598 2418 ούδέν
611 2347 718 2438 ῳλοντο
732 2353 882 2436 δεῖσθαι,
898 2357 987 2421 πολύ
1003 2365 1140 2426 πάντων
1153 2366 1332 2444 ἀτυχέστα-

26 2475 56 2526 20
78 2483 133 2525 τοι
148 2465 332 2544 γεγόνασιν.
373 2460 464 2543 ούχη
483 2460 647 2537 σύμπασα
660 2459 758 2538 χθὼν
773 2465 849 2534 ταῖς
874 2470 1067 2549 συμφοραῖς
1089 2468 1198 2528 αὐτῶν
1223 2463 1333 2528 διατε-

79 2561 267 2649 θρύληται;
288 2563 344 2624 καί
360 2558 455 2622 ούδέν
478 2562 605 2644 ὤνησεν
629 2561 750 2635 αύτούς
773 2562 849 2624 οότε
866 2571 933 2625 τῶν
954 2567 1072 2629 ἵππων
1088 2571 1126 2629 τό
1142 2571 1242 2647 τάχος
1259 2569 1334 2630 ούτε

81 2668 99 2727 δ
122 2668 207 2740 Ζεύς
237 2665 312 2725 ούτε
342 2659 595 2747 όΓανυμήδης,
626 2653 702 2724 ἀλλ’
728 2655 790 2723 ὑπ’
816 2661 938 2750 ἀνδρός
960 2663 997 2742 ἐξ
1019 2670 1106 2730 οὕτω
1130 2665 1258 2752 λυπραῖς
1279 2671 1336 2731 καί

81 2764 204 2844 ἀδόξου
228 2763 361 2839 πόλεως
383 2761 573 2841 ἀπώλοντο,
596 2766 652 2826 καὶ
668 2763 802 2843 ἴσχυσεν
819 2767 911 2851 ὁτῆς
925 2757 1065 2852 Ἰθάκης
1080 2766 1224 2855 πολίτης
1240 2791 1335 2855 περι-

80 2870 244 2952 γενέσθαι
272 2874 338 2928 τῶν
367 2868 403 2927 ἐκ
431 2874 493 2927 τοῦ
509 2856 612 2926 Ἰλίου
636 2869 791 2944 πάντων,
816 2870 873 2930 καί
895 2871 954 2954 τη“ν
976 2870 1174 2954 εύρυάγυιαν
1197 2875 1336 2934 άπασαν

10 2987 62 3038 >25
86 2972 266 3055 πορθῆσαι
292 2970 349 3030 καί
377 2966 524 3042 ἀνελεῖν,
554 2964 630 3028 ούδέ
658 2968 720 3051 γάρ
745 2962 819 3030 οὐδ’
846 2972 878 3030 οἱ
900 2972 981 3033 θεοί
1003 2969 1162 3056 φιλούσιν
1184 2975 1236 3036 ἔτι
1257 2977 1336 3049 τούς
1346 2987 1387 3049 23

84 3070 236 3153 ἀσελγεῖς
260 3072 317 3132 καί
340 3072 493 3155 ἄφρονας
514 3070 570 3131 καί
592 3066 800 3144 ἀκολάστους
822 3073 878 3133 καί
900 3076 987 3156 πρὸς
1009 3075 1104 3158 ύβριν
1128 3073 1337 3157 ἐγκλίνοντας

82 3177 139 3236 καί
168 3173 342 3258 ῥᾳθυμίαν
364 3172 421 3232 καί
442 3172 580 3255 τρυφήν.
627 3173 714 3233 ὥστε
736 3174 780 3256 μη
804 3174 938 3246 τούτοις
960 3175 1122 3260 θαρρεῖτε
1143 3175 1227 3262 μηδέ
1251 3179 1338 3239 ἀπο-

85 3275 227 3356 δέχεσθε
255 3277 312 3336 τδν
343 3271 566 3359 συνηδόμενον
594 3275 673 3353 ύμῖν
700 3274 756 3334 καί
784 3269 1004 3352 θαυμάζοντα
1034 3274 1130 3358 λόγον
1152 3276 1236 3364 μηδὲ
1259 3283 1339 3354 τούς

85 3378 215 3453 δεινούς
243 3372 477 3459 ἐγκωμιάζειν·
508 3374 603 3438 οὗτοι
630 3377 692 3456 μέν
719 3375 781 3458 γάρ
809 3371 1025 3450 ἐξαπατῶσιν
1048 3381 1131 3458 ύμοῖς
1152 3383 1209 3442 καί
1229 3384 1338 3466 μάτην

32 3497 61 3546 30
84 3483 301 3566 ἐπαίρουσιν,
326 3481 441 3563 ὥσπερ
464 3479 607 3562 νηπίους
630 3473 774 3550 παῖδας·
806 3473 890 3537 ἀλλά
912 3474 1050 3556 μᾶλλον,
1074 3480 1111 3554 ὃς
1133 3483 1211 3560 ὑμῖν
1235 3479 1339 3560 δείξει

171 3724 367 3801 ῖόεινήεντοσ
384 3727 414 3781 Μ
500 3727 533 3782 Ii.
559 3732 603 3794 14,
627 3730 679 3780 434
700 3721 819 3786 Ξάνθου
840 3725 985 3800 δινήεντος
1008 3722 1043 3785 δν
1067 3721 1215 3795 ἀθάνατος
1238 3729 1338 3789 τέκετο

87 3813 164 3881 Ζεύς.
252 3819 267 3868 3
292 3808 327 3870 δν
346 3807 361 3870 δ
380 3813 411 3867 Μ
497 3817 514 3866 4
538 3817 609 3882 φασί
626 3813 650 3866 Β
736 3813 918 3868 scribendum:
943 3807 1036 3885 πηγὰς
1053 3809 1125 3870 εἶναι
1142 3810 1248 3872 τούτου
1264 3814 1340 3873 πάνυ

87 3904 138 3956 eto.
167 3901 244 3956 exIl.
258 3903 299 3966 22,
320 3904 413 3968 147rq.
503 3897 677 3974 προασίῳΒ
773 3903 788 3952 5
806 3897 859 3967 μὲν
876 3892 1027 3970 ἀνειμένην
1044 3897 1118 3963 libri,
1143 3914 1212 3954 corr.
1233 3901 1340 3956 Geelius

87 3978 175 4053 (δδατι
193 3989 283 4060 λιαρῴ
300 3985 380 4040 Hom.
398 3984 416 4039 l.
435 3984 464 4051 1.)
535 3986 550 4036 6
568 3983 598 4039 δέ
617 3982 727 4040 οίκνῖαν
744 3982 774 4036 Μ
836 3987 867 4036 12
886 3978 921 4040 τὸ
939 3979 994 4052 μέν
1010 4002 1044 4055 γε
1062 4014 1094 4022 -
1114 3978 1148 4040 τὸ
1168 3977 1242 4050 εἶδος
1258 3984 1341 4040 inter·

87 4071 218 4142 polatoris
231 4074 303 4135 runt,
315 4070 429 4125 Dionem
442 4083 477 4122 ex
488 4068 606 4123 Homero
618 4067 778 4122 illustrantis
849 4071 880 4120 13
893 4070 952 4122 τῶν
962 4083 1014 4136 pro
1027 4062 1080 4124 τὸν
1092 4067 1116 4121 Τ
1175 4071 1206 4120 14
1218 4068 1248 4125 δὲ
1259 4068 1290 4123 Μ

92 4164 120 4212 15
139 4148 358 4231 γαννομήδηνΤ
412 4159 442 4210 17
461 4148 668 4219 καοάνδρανΒ
725 4145 901 4225 ἀφροδείτησ
918 4152 948 4205 Μ
1019 4157 1048 4207 19
1067 4143 1254 4223 ἀτυχέστεροι
1271 4153 1340 4219 libri,

89 4259 159 4299 corr.
177 4243 278 4297 Reiske
295 4255 329 4295 ex
353 4239 467 4306 interpr.
571 4241 602 4291 20
627 4232 859 4310 διατεθρύλληται
878 4236 902 4292 Τ
1005 4241 1037 4290 22
1054 4233 1232 4309 γαννυμήδησ
1249 4237 1273 4292 Τ

88 4332 196 4402 λυπρᾶς
214 4330 385 4396 suspectum,
410 4323 492 4378 scrib.
514 4327 619 4396 μικράς
635 4325 668 4376 ut
684 4338 723 4378 or.
744 4325 776 4376 ³2
794 4338 820 4391 p.
834 4326 883 4377 389
902 4322 970 4377 Mor.
990 4317 1006 4379 δ
1030 4326 1079 4394 τῆς
1096 4315 1206 4394 Ἰθάκης
1222 4325 1342 4395 πολίτης

87 4409 252 4485 ἐπόρθησεν
270 4405 357 4482 αὐτὴν
375 4412 425 4480 τῆς
441 4412 545 4494 μωροῖς
562 4410 611 4464 καί
629 4402 733 4474 ἀδόξου
819 4411 850 4461 25
868 4409 919 4463 καί
936 4403 1010 4464 ἑλεῖν
1027 4406 1076 4464 UT
1147 4411 1180 4461 26
1197 4405 1341 4466 ἐκκλίνον-

88 4536 144 4573 τασ
160 4516 190 4570 Μ
260 4518 291 4567 2ῖ
310 4519 461 4585 θαρρεῖται
480 4512 510 4566 M
579 4504 775 4579 ἀποδέχεσθαι
792 4508 823 4563 Μ
893 4511 925 4562 30
944 4500 961 4564 δ
978 4503 1086 4578 δμῖνΤ
