3068 5160
125 355 128 362 -
220 313 280 372 104
674 313 798 370 DIONIS
816 311 1016 369 ISTHMIAGA

219 487 415 574 προσῄεσαν
432 493 518 575 πρὸς
535 480 645 569 αὑτόν,
669 490 739 549 ἀπό
756 496 815 573 τῆς
826 478 954 565 Ἰωνίας
969 507 1005 549 τε
1020 490 1076 550 καί
1090 484 1247 563 Σικελίας
1261 489 1318 550 καί
1328 477 1476 564 Ἰταλίας

218 594 295 653 ὅσοι
317 600 474 676 παρῆσαν
502 594 559 654 καί
585 599 651 654 τῶν
679 593 714 654 ἐκ
737 590 873 674 Λιβύης
901 591 990 663 τινες
1017 592 1073 652 καί
1101 596 1168 651 τῶν
1197 592 1233 652 ἐκ
1262 588 1476 666 Μασσαλίας
1489 607 1531 656 (ωε

218 695 274 754 καί
296 694 366 754 ἀπό
390 681 643 778 Βορυσθένους,
674 691 768 754 οὑτοι
792 689 829 776 δη
856 689 980 764 πάντες
1011 688 1095 753 ἰδεῖν
1121 688 1324 772 βουλόμενοι
1344 690 1475 772 μᾶλλον

219 795 319 855 αὑτόν
334 796 390 856 καί
404 796 508 879 βραχύ
524 817 558 857 τι
574 798 716 856 ἀκοῦσαι
732 791 895 875 λέγοντος,
912 795 958 868 ὡς
974 795 1081 871 ἔχοιεν
1097 790 1321 875 ἀπαγγέλλειν
1334 799 1476 878 ἑτέροις,

182 892 406 980 δῆβελτίους
428 898 599 978 γενέσθαι.
638 894 747 958 ἐδόκει
762 896 824 979 γάρ
849 897 963 970 ίκανδς
986 894 1075 958 εἶναι
1098 892 1298 981 λοιδορῆσαι
1320 899 1379 959 καί
1403 903 1503 973 τοῖςῦ

218 1000 389 1082 ἐρωτῶσιν
418 999 677 1083 ἀποκρίνασθαι
713 999 799 1081 πρός
829 998 922 1071 ἔπος.
978 998 1094 1082 ὥσπερ
1130 997 1187 1060 οὑν
1215 1005 1277 1059 τοῦ
1302 999 1479 1061 Ποντικοῦ

217 1096 353 1178 μέλιτος
367 1102 533 1182 γεύεσθαι
548 1104 777 1185 ἐπιχειροῦσιν
794 1101 828 1161 οί
839 1101 988 1183 ἀπειροι,
1004 1101 1205 1181 γευσάμενοι
1218 1097 1253 1162 δέ
1266 1110 1477 1186 παραχρῆμα

218 1198 405 1277 ἐξέπτυσαν
429 1200 704 1287 δυσχεράναντες,
734 1205 787 1263 ότι
810 1204 931 1285 πικρόν
953 1203 1106 1263 ἐστικαὶ
1135 1199 1251 1286 ἀηδές,
1282 1203 1394 1277 οὑτως
1422 1206 1478 1265 καί

218 1310 279 1363 τοῦ
299 1306 482 1385 Διογένους
505 1306 771 1389 ἀποπειρᾶσθαι
799 1305 860 1383 μέν
888 1299 1015 1388 ἤθελον
1045 1300 1102 1364 διά
1130 1300 1475 1390 πολυπραγμοσύνην,

182 1402 429 1486 7ἐλεγχόμενοι
453 1403 488 1468 δὲ
512 1407 768 1492 ἀπεστρέφοντο
791 1407 848 1467 καί
862 1407 1014 1490 ἔφευγον.
1055 1407 1111 1468 καί
1133 1403 1244 1468 ἀλλων
1266 1408 1329 1486 μὲν
1351 1404 1476 1491 ἥδοντο
1499 1420 1524 1471 ιο

220 1503 501 1591 λοιδορουμένων,
532 1510 629 1571 αὑτοὶ
658 1506 693 1570 δέ
722 1509 909 1593 ἐφοβοῦντο
938 1508 995 1568 καί
1022 1507 1219 1593 ἀνεχώρουν.
1269 1509 1329 1570 καί
1358 1510 1392 1570 εἰ
1418 1512 1478 1589 μὲν

219 1610 392 1670 ἔσκωπτέν
410 1631 445 1672 τε
461 1613 517 1672 καί
532 1607 679 1688 ἔπαιζεν,
704 1612 819 1693 ὥσπερ
836 1610 957 1670 εἰώθει
980 1610 1097 1685 ἐνίοτε,
1120 1611 1306 1695 ὑπερφυῶς
1329 1611 1477 1697 ἔχαιρον,

219 1712 479 1791 ἀνατειναμένου
504 1711 539 1776 δέ
562 1715 618 1775 καί
642 1709 900 1785 σπουδάσαντος
925 1712 982 1789 οὑχ
996 1712 1164 1790 ὑπέμενον
1180 1714 1239 1798 την
1262 1716 1477 1799 παρρησίαν

218 1815 377 1897 καθάπερ
408 1813 505 1894 οἶμαι
533 1817 574 1877 τά
605 1813 728 1877 παιδία
758 1808 1016 1898 προσπαίζοντα
1052 1811 1171 1898 ηδεται
1204 1818 1278 1888 τοῖς
1307 1817 1478 1897 γενναίοις

217 1918 322 1994 κυσίν,
346 1913 487 1978 ἐπειδάν
511 1914 546 1978 δὲ
567 1915 738 2002 χαλεπήνῃ
767 1919 823 1978 καί
851 1912 954 1999 ὑλάξη
984 1910 1115 1994 μεῖζον,
1145 1912 1312 2000 ἐξεπλάγη
1342 1919 1403 1980 καί
1430 1917 1477 2001 τῴ
1498 1928 1522 1978 15

220 2016 289 2081 δέει
310 2019 462 2103 τέθνηκε.
512 2020 569 2080 καί
591 2021 666 2081 τότε
689 2021 815 2093 ἐκεῖνος
837 2020 951 2080 ἐποίει
973 2018 1099 2093 ταύτά,
1124 2016 1219 2080 οάδέν
1241 2024 1477 2106 μεταστρεφό-

218 2143 319 2202 μενος
342 2119 418 2183 οὑδέ
444 2115 640 2205 φροντίζων,
665 2120 732 2183 εἴτε
748 2122 906 2205 ἐπαινοίη
924 2141 976 2194 τις
995 2121 1095 2181 αὑτόν
1112 2117 1179 2180 εἴτε
1201 2121 1257 2182 καί
1281 2125 1388 2204 ψέγοι
1411 2129 1477 2192 τῶν

220 2226 414 2306 παρόντιυν,
445 2220 521 2284 οὑδὲ
551 2224 581 2284 εί
604 2230 670 2284 τῶν
694 2219 868 2284 πλουσίων
890 2242 926 2284 τε
948 2223 1005 2283 καί
1027 2217 1172 2297 ἐνδόξων
1193 2223 1213 2307 ἢ
1239 2227 1429 2309 στρατηγός
1456 2227 1475 2310 ἢ

221 2323 386 2409 δυνάστης
410 2322 599 2404 διαλέγοιτο
617 2322 856 2410 προσελθώνῆ
880 2332 947 2386 τῶν
971 2325 1060 2386 πάνυ
1081 2320 1220 2408 φαύλων
1242 2345 1279 2386 τε
1301 2327 1359 2387 καὶ
1375 2329 1477 2412 πενη·

184 2428 301 2490 8των·
333 2424 417 2488 ἀλλὰ
440 2434 507 2488 τῶν
529 2430 590 2506 μέν
613 2430 776 2488 τοιούτων
800 2424 990 2512 ληρούντων
1020 2427 1128 2488 ἐνίοτε
1150 2429 1368 2511 κατεφρόνει,
1399 2431 1478 2504 τοὺς
1498 2437 1523 2488 z]

221 2523 256 2587 δέ
282 2528 422 2606 σεμνούς
445 2528 532 2590 εἶναι
555 2526 779 2610 βουλομένους
793 2531 849 2591 καί
864 2534 948 2610 μέγα
966 2535 1175 2614 φρονοῦντας
1190 2519 1251 2612 ἐφ’
1277 2528 1396 2604 αὑτοῖς
1421 2528 1477 2592 διὰ

220 2626 367 2691 πλοῦτον
389 2631 409 2713 ἢ
432 2635 526 2711 γένος
554 2632 574 2714 ἢ
605 2627 708 2715 ἀλλην
737 2633 812 2693 τινά
843 2627 999 2710 δύναμιν,
1028 2633 1168 2703 τούτους
1189 2625 1339 2709 μάλιστα
1362 2627 1477 2708 ἐπίεζε

219 2733 275 2794 καὶ
296 2726 430 2806 ἐκόλαζε
454 2735 566 2793 πάντα
589 2736 727 2816 τρόπον.
780 2736 869 2807 τινὲς
896 2736 957 2813 μέν
990 2733 1047 2794 οὑν
1079 2733 1179 2793 αὑτόν
1208 2727 1408 2812 ἐθαύμαζον
1431 2736 1478 2809 ὡς

221 2836 422 2918 σοφώτατον
445 2836 593 2910 πάντων,
616 2836 687 2896 τισί
711 2831 746 2896 δέ
760 2836 950 2914 μαίνεσθαι
965 2832 1085 2911 ἐδόκει,
1109 2829 1233 2895 πολλοὶ
1256 2830 1292 2895 δέ
1307 2839 1476 2922 κατεφρό-

220 2955 298 2996 νουν
322 2938 368 3009 ὡς
390 2943 529 3013 πτωχοῦ
550 2938 664 2997 τεκαὶ
687 2934 821 3015 οὑδενός
844 2935 950 3014 ἀξίου,
979 2938 1068 3010 τινές
1092 2927 1123 2997 δ’
1150 2932 1356 3020 ἐλοιδόρουν,
1383 2939 1418 2999 οἱ
1440 2935 1477 3002 δὲ
1498 2949 1523 3000 2

220 3032 486 3121 προπηλακίζειν
502 3039 707 3122 ἐπεχείρουν,
725 3040 809 3099 ὀστᾶ
824 3043 1025 3124 ῥιπτοῦντες
1041 3039 1108 3122 πρὸ
1125 3044 1191 3099 τῶν
1208 3034 1336 3115 ποδῶν,
1357 3039 1477 3123 ὥσπερ

184 3143 293 3212 9τοῖς
314 3140 419 3214 κυσίν,
445 3141 478 3199 οἱ
501 3136 536 3200 δέ
559 3141 615 3201 καί
637 3148 699 3201 τοῦ
712 3141 875 3224 τρίβωνος
890 3143 1039 3224 ἥπτοντο
1062 3143 1274 3224 προσιόντες,
1299 3137 1427 3204 πολλοί
1442 3139 1477 3204 δέ

221 3240 278 3301 οὑκ
302 3239 389 3316 εἴων,
413 3233 489 3301 ἀλλ’
515 3244 735 3327 ἠγανάκτουν,
764 3243 924 3326 καθάπερ
941 3234 1088 3326 Ὅμηρός
1118 3259 1205 3327 φησι
1232 3243 1290 3303 τδν
1310 3233 1477 3306 Ὀδυσσέα

197 3344 201 3357 “
220 3338 447 3426 προσπαίζειν
462 3345 540 3417 τούς
555 3353 756 3430 μνηστῆρας,
779 3345 929 3407 κάκεῖνον
946 3347 1033 3428 πρός
1045 3341 1160 3426 ὀλίγας
1181 3347 1309 3428 ημέρας
1331 3346 1477 3428 ἐνεγκεῖν
1491 3358 1533 3410 σα

219 3446 278 3529 την
301 3441 485 3506 ἀκολασίαν
514 3447 623 3508 αὑτῶν
651 3449 707 3508 καί
737 3449 795 3532 την
818 3448 930 3530 ὑβριν·
962 3449 980 3506 ό
1003 3443 1038 3507 δέ
1062 3448 1180 3524 ὅμοιος
1208 3441 1248 3530 ἦν
1270 3447 1306 3508 ἐν
1330 3449 1478 3512 άπαντι·
1499 3458 1525 3508 2]

307 3632 321 3680 2
347 3618 400 3700 δὀη
423 3628 444 3680 Ρ
533 3631 707 3695 Μασσαλίας
730 3630 851 3693 Geelius,
868 3628 1033 3698 Iusooadlao
1051 3626 1075 3681 V
1092 3628 1233 3695 μεσαόίασ
1251 3627 1274 3681 Ρ
1295 3629 1336 3693 (In
1359 3630 1386 3685 Y
1408 3632 1478 3688 hsec

220 3711 302 3778 ¹verba
320 3718 382 3779 om.)
399 3715 561 3770 ὑεοσαλίασ
580 3714 626 3769 UB
714 3713 955 3788 3βωρυσὺἐνουσ
971 3713 998 3769 V
1083 3701 1164 3768 οὑτοι
1182 3711 1212 3769 ὑὲ
1229 3711 1305 3768 UBV
1394 3721 1478 3774 4καί

219 3791 312 3868 βραχὺ
330 3826 364 3835 -
382 3797 522 3869 λέγοντοσ
539 3806 602 3869 post
618 3799 754 3871 γενέσθαι
772 3801 800 3853 in
816 3799 893 3853 libris
911 3799 1052 3865 leguntur,
1076 3795 1130 3852 hue
1149 3799 1287 3866 transpos.
1305 3799 1389 3870 Emp.

221 3876 362 3951 ἓτὲρανΡ
416 3878 698 3957 ὑάποκρίνεσθαιλί
751 3877 982 3957 Ἰάπυγείεσὺαι
1000 3882 1048 3938 UB
1102 3887 1134 3936 12
1152 3876 1284 3940 δοκωπτέ
1301 3903 1335 3941 τε
1352 3885 1426 3940 BPY

220 3961 319 4022 ἐίιαιεν
337 3967 408 4031 libri,
426 3963 542 4037 ἔπαιζεν
560 3969 635 4024 Stob.
653 3970 729 4024 XIII.
750 3974 781 4024 18
843 3965 956 4027 εἰώθειν
973 3969 998 4024 V
1055 3969 1085 4020 13
1105 3960 1330 4036 ἀνατειναμένου
1347 3969 1424 4026 UBV

222 4055 252 4104 16
272 4052 408 4124 τέθνηκεν
427 4053 474 4108 UB
597 4043 673 4111 οὑτω
691 4058 740 4109 καί
758 4050 826 4111 τότε
845 4055 892 4114 UB
909 4057 958 4111 καί
976 4048 1044 4109 τότε
1068 4055 1213 4121 corrupta3
1238 4051 1302 4108 fort.
1331 4059 1382 4112 καί
1399 4050 1478 4126 (det)

219 4155 291 4192 ποτε
362 4141 452 4194 ταῦτα
465 4139 512 4193 ΡΥ
580 4131 920 4211 μετατρεπόμενοςΰΒῩ
989 4141 1019 4193 18
1034 4131 1227 4210 στρατιγὸσΡ
1298 4143 1330 4196 20
1343 4135 1475 4214 ἠνείχετο

219 4218 383 4290 ληρούντων
402 4223 448 4278 UB
534 4220 708 4297 κατεφρόνει
727 4240 778 4277 om.
797 4223 871 4279 VUB
959 4227 989 4277 21
1009 4225 1307 4295 μεγαλοφρονοῦνταο
1330 4225 1409 4280 PYM

219 4299 268 4360 ἐπ’
287 4302 388 4364 αὐτοῖο
401 4308 474 4365 UBV
527 4313 559 4363 22
577 4305 594 4379 ἢ
612 4305 698 4381 ἀλλην
716 4310 822 4379 εοάρεί,
840 4312 888 4364 καί
906 4305 993 4380 ἀλλην
1010 4308 1072 4363 libri
1128 4328 1192 4365 τινα
1210 4312 1381 4367 δυναστείαν
1399 4311 1425 4367 V

219 4388 372 4458 ἐπίεζενλί
458 4399 492 4447 24
509 4391 728 4464 σοφωτάτωνΡ
816 4398 848 4447 25
867 4393 957 4450 δέλίῩ
1044 4397 1075 4448 27
1096 4391 1124 4450 ολ
1141 4396 1245 4450 πολλοὶ
1263 4395 1294 4452 δέ
1310 4395 1367 4462 ΡΥ,
1384 4397 1475 4452 malim

220 4472 302 4532 ἀλλοι
320 4477 349 4533 δὲ
418 4482 450 4533 29
469 4482 692 4551 προπηλακίζειν
709 4496 758 4548 pro
777 4481 966 4552 προσπαίζειν
985 4479 1048 4533 WiI.
