3068 5160
148 321 208 377 210
611 319 734 374 DIONIS
752 319 932 373 VENATOR

145 504 211 557 τῶν
242 493 391 573 πόλεων,
422 499 461 570 ἅς
490 517 525 578 γε
554 499 612 581 την
643 497 744 581 ἀρχην
771 498 855 580 μήτε
877 499 993 573 τέχνας
1015 496 1097 578 μήτε
1121 495 1289 577 ἐργασίας
1314 495 1358 553 τό
1379 513 1414 572 γε

145 600 252 681 ὀρθὸν
273 596 402 661 καλεῖν·
427 601 464 660 οὐ
487 600 548 682 γὰρ
572 601 612 659 ἀν
637 618 721 659 ποτε
732 589 889 671 Ἡσίοδος
907 599 1015 681 σοφὸς
1031 598 1077 657 ὠν
1092 589 1262 679 ἐπῄνεσεν
1280 596 1412 674 ὁμοίως

144 709 211 762 πᾶν
234 703 345 785 ἔργον,
375 699 410 761 εἴ
435 722 468 761 τι
490 706 557 760 τῶν
588 707 744 784 πονηρῶν
772 701 791 784 ἢ
815 706 882 761 τῶν
906 701 1052 781 αἰσχρῶν
1075 695 1170 781 ἠξίου
1194 700 1329 781 ταύτης
1354 705 1411 783 της

64 805 120 864 111
141 805 387 886 προσηγορίας·
426 803 478 875 οἷς
505 805 566 880 μέν
596 804 636 863 άν
672 823 724 876 τις
755 809 868 885 προσῇ
902 802 1030 861 τούτων
1067 807 1133 861 τῶν
1170 796 1316 880 βλαβῶν
1355 801 1410 860 καὶ
1422 810 1447 857 11

140 909 293 988 ητισοῦν,
321 901 448 988 μηδένα
479 905 656 964 ἅπτεσθαι
683 911 749 964 τῶν
779 901 968 986 ἐλευθέρων
994 903 1107 962 τεκαὶ
1129 903 1296 962 ἐπιεικῶν
1322 898 1438 985 μηδὲ1

140 1007 356 1067 ἐπίστασθαι
384 1008 467 1090 μήτε
498 1007 598 1066 αάτδν
627 1007 709 1089 μήτε
740 1002 868 1079 παῖδας
897 1006 975 1078 τούς
1006 1005 1109 1065 αὑτοῦ
1130 999 1330 1079 διδάσκειν,
1364 1005 1410 1078 ὡς

140 1108 216 1168 οὔτε
238 1101 323 1169 καθ’
345 1100 501 1169 Ἡσίοδον
525 1108 600 1168 οὔτε
621 1099 705 1168 καθ’
734 1113 818 1189 ημᾶς
841 1110 981 1191 ἐργάτην
1004 1109 1181 1185 ἐσόμενον,
1212 1107 1257 1166 άν
1287 1127 1327 1166 τι
1351 1127 1408 1185 με·

140 1205 367 1293 ταχειρίζηται
385 1216 550 1285 τοιοῦτον,
574 1206 658 1270 ἀλλά
683 1211 801 1293 ἀργίας
823 1230 858 1270 τε
877 1211 945 1288 ἅμα
961 1211 1017 1270 καὶ
1032 1204 1315 1291 αἰσχροκερδείας
1332 1209 1407 1270 ἀνε-

141 1308 303 1393 λεύθερον
326 1309 442 1387 ἕξοντα
467 1309 605 1388 ὄνειδος,
628 1313 797 1391 βάναυσον
819 1314 875 1373 καί
891 1313 1024 1394 ἀχρεῖον
1039 1312 1095 1370 καὶ
1110 1311 1263 1393 πονηράν
1281 1308 1407 1384 ἁπλῶς

61 1413 122 1474 112
139 1407 393 1491 ὀνομαζόμενον.
439 1416 502 1474 ὅσα
526 1410 562 1474 δέ
587 1412 630 1472 αδ
650 1414 733 1496 μητε
764 1414 901 1498 ἀπρεπῆ
926 1419 998 1487 τοῖς
1020 1419 1175 1492 μετιοῦσι
1200 1414 1407 1496 μοχθηρίαν
1426 1421 1446 1472 11

136 1534 172 1574 τε
194 1510 361 1597 μηδεμίαν
384 1517 591 1599 ἐμποιοῦντα
615 1521 655 1597 τῇ
680 1521 770 1597 ψυχῇ
792 1516 874 1598 μήτε
897 1512 1028 1597 νοσώδη
1053 1521 1119 1574 τῶν
1142 1533 1177 1573 τε
1201 1509 1322 1574 ἀλλων
1352 1535 1404 1575 νο-

138 1617 296 1698 σημάτων
317 1618 373 1677 καὶ
396 1613 479 1701 δῆτα
502 1617 686 1690 ἀσθενείας
708 1618 821 1678 τεκαὶ
843 1618 938 1678 ὄκνου
960 1617 1017 1678 καί
1037 1612 1204 1694 μαλακίας
1229 1612 1290 1676 διά
1317 1614 1404 1677 πολ-

136 1714 195 1802 λὴν
217 1721 358 1803 ησυχίαν
381 1720 613 1802 ἐγγιγνομένης
636 1720 670 1779 ἐν
693 1717 740 1799 τῷ
765 1721 907 1798 σώματι,
929 1720 986 1780 καί
1007 1720 1072 1802 μην
1092 1718 1208 1800 χρείαν
1223 1737 1263 1798 γε
1282 1719 1403 1804 ἱκανὴν

58 1819 118 1882 113
134 1826 325 1904 παρέχοντα
355 1824 442 1906 πρὸς
470 1824 528 1883 τὸν
551 1822 636 1901 βίον,
664 1823 775 1881 πάντα
799 1821 1003 1881 τὰτοιαῦτα
1027 1822 1234 1904 πράττοντες
1261 1821 1402 1904 προθύ-

132 1945 206 2002 μιος
234 1927 290 1986 καί
320 1922 519 2010 φιλοπόνως
548 1915 669 1984 οὔποτ’
702 1925 741 1984 ἀν
770 1919 895 1996 ἐνδεεῖς
917 1923 1014 2004 ἔργου
1036 1923 1092 1983 καὶ
1113 1922 1189 2001 βίου
1213 1923 1402 2003 γίγνοιντο,
1422 1931 1441 1980 11

135 2018 208 2088 οὐδ’
233 2029 273 2089 ἀν
297 2025 410 2113 ἀληθῆ
434 2030 493 2112 τὴν
516 2023 693 2110 ἐπίκλησιν
718 2029 897 2108 παρέχοιεν
913 2029 986 2098 τοῖς
1002 2020 1182 2097 πλουσίοις
1196 2020 1318 2086 καλεῖν
1343 2027 1400 2086 αδ-

133 2132 228 2205 τοῦς,
258 2121 346 2213 ᾗπερ
377 2130 561 2206 εἰώθασιν,
592 2131 743 2212 ἀπόρους
773 2121 1009 2206 ὀνομάζοντες,
1039 2127 1234 2189 τούναντίον
1267 2125 1401 2207 μᾶλλον

133 2233 268 2292 ἐκείνων
292 2234 384 2305 ὄντες
408 2233 572 2314 πορισταὶ
593 2232 649 2291 καί
671 2226 815 2313 μηδενὸς
838 2231 1059 2313 ἀποροῦντες,
1090 2229 1136 2301 ὡς
1158 2228 1245 2303 ἔπος
1270 2233 1398 2309 εἰπεῖν,

130 2341 197 2393 τῶν
221 2335 408 2414 ἀναγκαίων
429 2335 485 2394 καὶ
504 2333 687 2416 χρησίμιον.

55 2436 115 2496 114
218 2439 299 2518 φέρε
324 2434 381 2495 οδν
402 2435 610 2516 μνησθῶμεν
634 2425 697 2518 ἀφ’
724 2437 881 2516 ἑκατέρου
897 2437 1096 2515 τοῦγένους,
1120 2434 1151 2494 εί
1164 2434 1222 2494 καί
1236 2436 1284 2519 μη
1304 2437 1397 2496 πάνυ
1419 2441 1441 2490 111

130 2538 276 2620 ἀκριβῶς
306 2539 428 2597 ἐκαστα
460 2530 660 2620 φράζοντες,
691 2526 766 2594 ἀλλ’
793 2536 839 2607 ὡς
861 2536 956 2615 τύπῳ
985 2554 1021 2615 γε
1047 2531 1212 2610 κατιδεῖν,
1242 2535 1288 2595 τά
1312 2526 1393 2597 ποῖ’

129 2640 213 2699 άττα
228 2641 284 2700 καί
301 2637 345 2700 ὧν
362 2642 454 2700 ἕνεκα
472 2639 509 2699 οῦ
527 2638 754 2720 προσιέμεθα,
778 2639 834 2697 καὶ
857 2641 941 2697 ποῖα
965 2637 1179 2719 θαρροῦντας
1202 2639 1395 2722 ἐπιχειρεῖν

128 2738 320 2819 κελεύομεν,
348 2738 452 2824 μηδὲν
478 2735 719 2824 φροντίζοντας
741 2746 807 2800 τῶν
830 2735 941 2812 άλλως
965 2738 1006 2799 τά
1029 2745 1169 2799 τοιαῦτα
1194 2743 1390 2824 προφερόν-

128 2864 204 2917 των,
229 2842 301 2903 οἷον
325 2843 474 2902 εἰώθασι
495 2839 749 2924 λοιδορούμενοι
766 2845 953 2926 προφέρειν
969 2838 1133 2914 πολλάκις
1150 2841 1188 2902 οδ
1204 2844 1310 2920 μόνον
1325 2841 1392 2916 τὰς

128 2945 236 3004 αὐτῶν
253 2945 421 3026 ἐργασίας,
447 2943 501 3016 αῖς
518 2941 613 3004 οῦδὲν
629 2945 760 3004 ἀτοπον
777 2946 971 3027 πρόσεστιν,
996 2940 1080 3004 ἀλλά
1096 2945 1233 3004 καὶτῶν
1248 2948 1392 3023 γονέων,
1415 2951 1441 3002 11

126 3047 166 3106 ἀν
189 3065 281 3120 τινος
304 3045 424 3128 ἔριθος
445 3049 464 3129 η
488 3047 596 3130 μήτηρ
619 3067 638 3130 η
668 3047 847 3130 τρυγήτρια
877 3041 1065 3120 ἐξελθοῦσά
1094 3064 1179 3106 ποτε
1208 3047 1227 3130 η
1251 3048 1394 3124 μισθοῦ

125 3149 288 3230 τιτθεύσῃ
312 3144 420 3208 παῖδα
444 3154 510 3208 τῶν
534 3150 692 3233 ὀρφανῶν
714 3149 733 3232 ἢ
755 3144 962 3232 πλουσίωνή
981 3149 998 3207 ά
1015 3149 1126 3232 πατὴρ
1144 3145 1264 3231 διδάξῃ
1282 3153 1392 3235 γράμ·

124 3271 214 3327 ματα
243 3251 262 3333 ἢ
294 3247 553 3334 παιδαγωγήσῃ·
583 3247 687 3335 μηδὲν
719 3249 775 3311 οάν
804 3257 959 3311 τοιοῦτον
989 3251 1248 3328 αἰσχυνομένους
1280 3254 1390 3332 ὁμόσε

47 3355 107 3416 115
125 3354 221 3412 ίέναι.
268 3352 305 3411 οδ
328 3352 389 3433 γάρ
414 3348 525 3426 άλλως
548 3353 632 3413 αῦτά
655 3355 799 3436 ἐροῦσιν,
823 3354 863 3413 ἀν
888 3350 1038 3433 λέγωσιν,
1060 3353 1080 3436 ἢ
1105 3355 1151 3428 ὡς
1175 3359 1302 3438 σημεῖα
1327 3375 1389 3416 πε-

124 3456 213 3530 νίας,
243 3456 363 3515 πενίαν
393 3445 495 3538 αὖτὴν
527 3452 758 3538 λοιδοροῦντες
782 3451 882 3541 δῆλον
910 3459 964 3517 ὅτι
991 3458 1047 3517 καί
1077 3460 1313 3541 προφέροντες
1343 3460 1393 3533 ῶς
1413 3470 1439 3521 11

210 3631 295 3693 laio
312 3638 365 3705 μὲν
383 3630 434 3694 οὖν
452 3637 500 3694 UB
570 3642 620 3695 καί
638 3636 710 3696 είτισ
728 3630 781 3696 οὖν
798 3638 846 3695 UB
934 3634 1032 3712 5μηά’
1050 3639 1099 3696 UB
1186 3645 1389 3716 ἵμεταχειρί·

128 3726 208 3790 ζεται
221 3721 270 3776 UB
332 3727 347 3776 8
361 3724 585 3795 αἰοχροκερδίασ
598 3723 675 3778 UBM
745 3729 760 3780 9
773 3729 821 3780 καὶ
832 3719 952 3796 ἀχρεῖον
963 3759 990 3765 ψ
1005 3720 1226 3796 ὀνομαζόμενον
1239 3743 1293 3781 om.
1308 3728 1335 3784 U

130 3814 159 3862 10
180 3802 216 3863 δσ
234 3802 260 3863 δ’
280 3799 315 3864 αά
328 3808 385 3862 PW
472 3804 543 3878 μήτε
562 3803 720 3880 ἀποτρέπει
739 3819 805 3866 τοῖσ
816 3810 886 3874 libri,
906 3826 976 3865 corr.
995 3812 1096 3867 Reislie
1187 3810 1335 3869 ἐπιοῦσιΡ

128 3898 157 3946 12
176 3889 207 3964 δὴ
227 3888 282 3949 τάσ
300 3909 349 3961 pro
368 3898 436 3963 δῆτα
456 3893 514 3946 PW
568 3889 674 3948 ἀκνουο
692 3893 750 3946 l'W
805 3892 1017 3967 13κα1μ1χ1111
1072 3903 1103 3951 14
1121 3897 1257 3968 παρέχων
1268 3897 1331 3950 PW

127 3979 312 4051 πράττοντασ
330 3978 378 4033 UB
452 3984 480 4031 15
500 3974 666 4048 φιλοπόνως
683 3977 802 4032 Dindorf
819 3978 1008 4054 φιλοφρόνωο
1026 3982 1088 4036 libri
1168 3987 1198 4036 11
1218 3977 1387 4054 ἀναμάζον·

122 4085 177 4120 ταο
196 4063 271 4128 libri,
297 4078 366 4117 corr.
387 4062 503 4118 cnsaub.
612 4069 643 4118 21
662 4057 729 4136 φέρ’
749 4056 801 4121 οὖν
820 4065 897 4119 UBM
1001 4071 1031 4122 21
1052 4062 1132 4142 τύπῳ
1154 4087 1185 4124 τε
1203 4066 1282 4131 libri,
1309 4085 1386 4129 corr.

123 4149 225 4202 Reiske
294 4141 360 4202 ποῖ’
379 4144 452 4203 ἀττα
472 4149 580 4205 Geelius
599 4149 644 4212 (ci.
663 4149 731 4202 Xen.
746 4149 807 4218 Cyr.
821 4150 869 4216 ΙΙΙ,
881 4155 905 4216 3,
919 4155 951 4215 8),
970 4157 1089 4208 τοιαῦτα
1106 4153 1168 4207 libri
1239 4156 1271 4206 23
1291 4176 1386 4228 φρον-

123 4236 254 4301 τίζοντεο
273 4232 320 4287 UB
340 4237 504 4306 φροντίζειν
522 4229 577 4292 tolo
595 4235 623 4287 M
693 4234 987 4310 προοφερόντωνῑίΜ
1058 4243 1090 4292 24
1108 4239 1284 4312 προσφέρειν
1304 4241 1332 4296 U

121 4322 152 4369 25
172 4312 376 4388 εὖεργεσίαοῑί
447 4319 556 4375 τονέων
574 4321 595 4373 Ρ
667 4326 698 4374 26
717 4318 818 4395 ἕριθυσ
837 4315 855 4394 ᾖ
871 4320 963 4396 μήτηρ
979 4320 998 4395 ἢ
1015 4320 1167 4396 τρυγήτρια
1187 4322 1385 4391 Ρέξελθοῦσα

120 4409 285 4470 suspectum,
304 4401 371 4456 latet
390 4404 526 4458 coniunct.
541 4420 597 4458 aor.
611 4405 638 4459 in
648 4437 679 4444 —
691 4403 759 4478 είσῃ
772 4408 856 4472 (wil.)
915 4412 945 4461 21
957 4407 1073 4480 τιθεύσχ
1084 4409 1151 4464 Um.
1162 4426 1203 4479 pr.
1275 4413 1308 4465 28
1329 4405 1385 4470 οὖν

119 4486 274 4541 τιοῖτονΡ
346 4492 377 4539 29
396 4485 499 4556 ὁμόοαι
517 4490 542 4543 U
562 4481 689 4547 ἀκδσεΡ
760 4497 792 4546 31
811 4495 913 4550 πενίαν
931 4495 1025 4549 om.P
1087 4496 1312 4569 προσφέροντεσ
1331 4498 1383 4554 UB
