3068 5160
668 305 803 361 ORATIO
823 306 920 362 XXXI.
1360 309 1420 367 221

164 483 220 544 καὶ
248 487 321 556 τοῖς
349 485 541 566 ἠγαπηκόσι
569 479 708 555 δικαίως
733 486 925 566 χρωμένους
952 484 1079 569 Ιπάντες
1105 486 1264 566 ηγοῦνται
1283 486 1424 568 χάριτος

166 581 282 660 ἀξίους
303 585 359 645 καί
380 576 532 664 βούλοιτ’
559 586 599 645 ἀν
622 587 762 658 έκαστος
785 581 930 669 ὠφελεῖν
952 583 1036 643 κατά
1052 585 1111 668 την
1126 587 1249 645 ἑαυτοῦ
1265 582 1422 665 δύναμιν·

166 688 201 747 έκ
224 683 259 746 δὲ
283 693 345 746 τοῦ
365 683 514 761 πολλοὺς
535 687 622 765 ἔχειν
645 688 722 760 τοὺς
746 687 943 759 εὐνοοῦντας
957 687 1013 746 καί
1030 689 1318 770 συμπράττοντας,
1341 691 1421 749 όταν

165 770 186 873 ῄ
209 791 336 873 καιρός,
358 789 413 850 καί
437 784 537 862 πόλις
561 794 654 848 πάσα
676 790 733 850 καί
756 785 895 872 ἰδιώτης
917 783 1172 872 ἀσφαλέστερον
1195 785 1313 870 διάγει.

127 905 144 952 5
251 898 355 951 ταῦτα
371 890 483 950 τοίνυν
501 891 653 975 ηγεῐσθε,
677 887 796 975 ἀνδρες
808 881 940 965 Ῥόδιοι,
965 892 1053 950 πάνυ
1074 886 1212 974 φαύλως
1234 883 1319 975 παρ’
1344 891 1457 971 όμῐν8

167 994 285 1071 έχοντα
307 993 363 1053 καί
385 999 444 1076 της
468 988 602 1066 πόλεως
625 993 683 1052 οὐκ
706 988 827 1068 ἀξίως,
857 992 898 1051 τά
923 993 1002 1075 περί
1031 993 1111 1065 τοάς
1140 992 1313 1074 εὐεργέτας
1337 989 1420 1074 λέγω

165 1097 222 1156 καί
245 1095 305 1168 τάς
333 1094 435 1173 τιμάς
463 1101 530 1154 τῶν
553 1094 694 1174 ἀγαθῶν
717 1091 865 1177 ἀνδρῶν,
897 1093 954 1153 οὐκ
977 1093 1125 1178 ἀρχῆθεν
1147 1095 1240 1172 ὑμῶν
1264 1094 1351 1154 οὕτω
1374 1092 1421 1175 τῷ

167 1199 342 1279 πράγματι
357 1200 554 1280 χρωμένων·
579 1197 708 1271 πόθεν,
725 1196 920 1256 τούναντίον
938 1195 999 1279 γάρ
1020 1196 1136 1277 ὥσπερ
1155 1186 1231 1255 ἀλλ’
1252 1196 1337 1257 άττα
1355 1202 1422 1256 τῶν

168 1299 336 1382 ὑμετέρων
360 1295 592 1383 διαφερόντιυς
614 1300 655 1359 ἀν
678 1318 730 1371 τις
760 1292 967 1372 ἀποδέξαιτο
996 1298 1053 1357 καί
1074 1297 1302 1374 θαυμάσειεν,
1333 1299 1420 1358 οὕτω

116 1412 144 1462 Ῑο
167 1419 227 1478 μοι
257 1397 385 1461 δοκεῖτε
412 1402 469 1461 καί
496 1408 594 1485 τιμῆς
621 1396 770 1479 μάλιστα
800 1405 1006 1483 προνοῆσαι·
1035 1400 1129 1481 γνοίη
1161 1389 1193 1458 δ’
1223 1400 1264 1460 ἀν
1293 1420 1346 1473 τις
1372 1402 1422 1474 εἰς

167 1503 205 1560 τό
235 1508 301 1561 τῶν
331 1503 468 1562 εἰκόνων
498 1498 635 1586 πλῆθος
664 1498 816 1562 ἀπιδών·
852 1500 1031 1583 μοχθηροῦ
1059 1496 1095 1560 δὲ
1126 1496 1237 1574 άλλως
1263 1517 1422 1584 κατεσχη-

166 1606 265 1676 κότος
295 1604 399 1676 ἔθους
429 1603 464 1662 έκ
493 1622 584 1677 τινος
608 1606 746 1686 χρόνου,
775 1605 831 1664 καὶ
858 1604 942 1686 μήτε
972 1606 1162 1681 τιμωμένου
1187 1599 1309 1664 λοιπόν
1332 1594 1417 1686 παρ’

166 1707 244 1783 ὑμῖν
266 1702 418 1789 μηδενός,
442 1704 473 1765 εἰ
496 1702 665 1786 βούλεσθε
688 1701 837 1788 τάληθὲς
853 1701 990 1779 εἰδέναι,
1013 1711 1080 1765 τῶν
1103 1724 1139 1764 τε
1164 1707 1330 1787 πρότερον
1351 1725 1422 1786 γεν-

167 1808 270 1868 ναίων
293 1805 501 1891 ἀνδρῶνκαὶ
524 1809 603 1890 περί
625 1809 684 1892 τὴν
708 1804 810 1867 πόλιν
833 1807 1035 1889 προθύμων,
1059 1807 1117 1866 οὐκ
1140 1803 1285 1866 ἰδιωτῶν
1307 1809 1421 1884 μόνον,

116 1922 143 1972 15
167 1906 251 1970 ἀλλά
274 1912 330 1971 καί
352 1907 520 1989 βασιλέων
544 1903 612 1991 [καί
633 1930 734 1970 τινων
758 1900 883 1993 δήμων]
906 1903 1132 1991 ὑβριζομένων
1159 1908 1215 1967 καί
1237 1907 1298 1980 τάς
1320 1909 1422 1986 τιμάς

167 2012 480 2094 ἀποστερουμένων.
515 2014 594 2072 όταν
617 2012 678 2094 γάρ
695 2010 905 2094 ψηφίσησθε
921 2006 1103 2092 ἀνδριάντα
1128 2009 1211 2068 τινί·
1237 2005 1365 2090 ῥᾳδίως
1389 2006 1460 2072 δὲ9

167 2114 245 2189 ὑμῖν
269 2114 383 2174 ἔπεισι
412 2120 510 2172 τοῦτο
540 2119 596 2173 νῦν
620 2113 666 2185 ὡς
689 2113 730 2173 ἀν
760 2112 919 2196 ἄφθονον
941 2112 1108 2193 ὑπάρχον·
1138 2111 1244 2170 έκεῖνο
1273 2111 1335 2188 μέν
1365 2111 1423 2171 οὐκ

169 2215 209 2274 ἀν
233 2215 465 2298 αἰτιασαίμην,
488 2216 527 2274 τό
547 2211 669 2297 χρόνον
692 2213 768 2274 τινά
790 2215 847 2274 καί
870 2209 1045 2297 διατριβην
1070 2217 1262 2296 προσεῖναι·
1286 2212 1422 2273 τούναν-

169 2316 242 2375 τίον
265 2316 326 2398 γάρ
351 2316 454 2389 εὐθὺς
476 2319 611 2400 ἕστηκεν
635 2315 672 2376 δν
696 2316 736 2376 ἀν
760 2313 888 2399 εἴπητε,
911 2311 1039 2393 μᾶλλον
1063 2311 1098 2374 δὲ
1127 2315 1184 2375 καί
1213 2315 1378 2396 πρότερον
1400 2315 1419 2397 ἢ

119 2430 147 2479 ιο
169 2417 417 2500 ψηφίσασθαι
443 2414 679 2499 συμβαίνειδέ
703 2423 839 2502 πρᾶγμα
863 2417 1100 2476 ἀτοπώτατον·
1125 2415 1219 2498 όγάρ
1238 2418 1423 2499 στρατηγός

170 2517 207 2578 δν
230 2519 270 2579 ἀν
294 2517 383 2600 αὐτῷ
408 2527 498 2603 φανῇ
512 2526 579 2580 τῶν
595 2521 820 2599 ἀνακειμένων
843 2521 971 2579 τούτων
994 2514 1202 2600 ἀνδριάντων
1225 2514 1422 2578 ἀποδείκνυ-

171 2634 240 2680 σιν·
264 2617 337 2681 εἶτα
352 2629 412 2706 τη’ς
433 2623 494 2701 μὲν
517 2615 684 2705 πρότερον
701 2623 803 2706 οόσης
818 2623 1012 2705 ἐπιγραφῆς
1034 2620 1285 2702 ἀναιρεθείσης,
1309 2623 1422 2701 ἑτέρου

170 2712 203 2780 δ’
229 2719 396 2801 όνόματος
419 2725 695 2807 ἐγχαραχθέντος,
720 2729 826 2808 πέρας
849 2723 918 2800 ἔχει
940 2724 978 2782 τό
1002 2729 1061 2806 της
1083 2728 1198 2804 τιμῆς,
1222 2721 1278 2780 καί
1302 2716 1422 2779 λοιπόν

168 2827 299 2902 τέτευχε
322 2832 381 2909 τῆς
405 2822 535 2898 εἰκόνος
559 2828 577 2885 ό
601 2818 703 2900 δόξας
725 2827 802 2902 ὑμῖν
823 2821 935 2900 άξιος,
965 2825 1054 2884 πάνυ
1084 2819 1212 2906 ῥᾳδίως
1242 2818 1338 2898 οἶμαι
1366 2821 1422 2880 καί

119 2921 147 2970 25
171 2922 352 2999 λυσιτελῶς
376 2928 500 2988 οὑτωσὶ
524 2930 768 3005 σκοπουμένοις
792 2927 879 2987 ὥστε
901 2927 1105 3010 θαυμαστὴν
1129 2923 1215 2985 εἶναι
1238 2923 1297 3005 την
1320 2921 1421 2981 εὐπο-

168 3028 244 3107 ρίαν
266 3029 322 3087 καί
344 3029 381 3087 τδ
407 3035 542 3111 πρᾶγμα
566 3029 661 3112 εάχης
684 3023 789 3103 ἀξιον,
813 3029 843 3088 εἰ
864 3024 985 3106 μόνοις
1007 3029 1085 3107 ὑμῖν
1107 3027 1198 3087 ἔστιν
1221 3023 1258 3083 δν
1281 3023 1322 3084 ἀν
1344 3024 1423 3104 βοό-

170 3125 277 3211 λησθε
309 3130 444 3190 ἱστάναι
469 3126 612 3208 χαλκοῦν
641 3127 716 3208 δίχα
746 3126 966 3209 ἀναλώματος
995 3131 1051 3190 καὶ
1077 3123 1245 3211 μηδεμίαν
1275 3122 1423 3212 δραχμην

168 3231 251 3312 μήτε
274 3231 366 3309 ὑμῶν
388 3227 647 3311 καταβαλόντων
669 3233 752 3316 μήτε
780 3238 847 3292 τῶν
873 3235 1080 3309 τιμωμένων.
1132 3230 1185 3302 τίς
1214 3228 1276 3311 γάρ
1300 3229 1358 3290 οάκ
1381 3229 1421 3290 ἀν
1435 3232 1472 3292 10

171 3332 277 3406 οὕτως
300 3333 469 3417 ἀγασθείη
499 3341 558 3418 τῆς
589 3335 715 3418 σοφίας
743 3333 801 3417 τὴν
832 3328 953 3405 πόλιν,·
1082 3319 1158 3391 ἀλλ’
1192 3329 1289 3409 οἶμαι
1311 3327 1422 3391 πολλά

118 3430 146 3477 30
168 3440 235 3494 τῶν
258 3436 293 3494 ἐν
315 3432 362 3515 τῷ
385 3435 447 3515 βίῳ
471 3439 674 3516 γιγνομένων
690 3427 768 3518 [καί]
782 3434 867 3512 μετά
884 3429 991 3494 πόνου
1009 3429 1167 3506 πλείονος
1189 3434 1245 3493 καί
1268 3428 1424 3514 δαπάνης

171 3538 208 3597 οὐ
234 3542 373 3620 σμικρᾶς
396 3537 470 3598 ἔστι
493 3543 617 3620 προῖκα
640 3538 696 3598 καί
718 3523 807 3596 πάνυ
823 3531 951 3618 ῥᾳδίως
964 3540 1087 3611 ποιεῖν,
1111 3533 1209 3607 εἴτις
1226 3529 1347 3611 ἀμελεῖ
1364 3539 1426 3593 τοῦ

257 3791 268 3838 1
289 3789 337 3841 καὶ
353 3780 477 3856 χάριτοσ
494 3784 524 3837 Μ
621 3787 635 3836 3
655 3773 779 3840 ἑκάστου
797 3786 856 3851 (pro
873 3781 907 3839 ἐκ
924 3783 954 3840 δὲ
971 3789 1034 3852 τοῦ)
1052 3785 1096 3853 Μ,
1115 3780 1257 3842 ἓκάστσυσ
1274 3784 1323 3837 καί
1341 3781 1425 3845 ΠΒΤ,

171 3885 240 3924 corr.
259 3870 402 3937 Emperius
472 3865 689 3938 συμπράξοντας
707 3867 825 3923 cobetus
843 3883 985 3938 perperam
1054 3865 1169 3941 σόιάγη
1188 3868 1218 3922 Μ
1272 3862 1424 3938 ῦῆγεῖσῦε

171 3956 194 4007 si
217 3968 309 4008 verum
333 3959 387 4018 est,
414 3969 476 4007 mox
499 3948 575 4023 ἔχειν
598 3952 783 4021 reponendum
806 3958 848 4006 ost
870 3969 920 4021 pro
942 3949 1062 4025 ἔχοντας
1091 3945 1122 4012 τό
1149 3951 1210 4011 ἰστε
1237 3952 1356 4007 Cobetus

172 4037 340 4094 Θτιυθὲνίί
393 4033 464 4093 ἀλλο
483 4058 509 4093 τι
527 4037 598 4105 libri,
617 4053 686 4091 corr.
700 4037 763 4091 Wil.
818 4029 950 4096 θοότωσ
966 4039 998 4093 Μ
1052 4045 1082 4094 10
1100 4035 1177 4111 γνιόη
1195 4039 1226 4093 Μ
1243 4033 1373 4110 γνώιηῐί

175 4126 204 4174 13
222 4119 380 4193 βούλεσθαι
400 4122 453 4175 ΒΜ
505 4121 658 4194 προτέρων
674 4121 763 4178 καίΤ
819 4127 850 4177 14
868 4119 968 4192 μόνων
985 4124 1009 4178 Τ
1027 4128 1165 4190 (εστι-σν)
1219 4129 1250 4179 15
1268 4124 1316 4178 καί
1334 4115 1424 4191 -δή-

172 4226 234 4272 μων
253 4207 354 4261 seclusi
425 4211 454 4260 Π
473 4199 611 4277 ὑπάρχων
627 4207 653 4261 U
726 4210 756 4261 18
774 4207 925 4278 προσιέναι
942 4208 1023 4263 MBU
1040 4211 1079 4273 (in
1096 4210 1149 4264 hoc
1166 4217 1179 4265 ἰ’
1194 4213 1289 4274 eras),
1306 4213 1424 4279 προσεῖ-

176 4290 261 4344 ναιΤ
334 4295 363 4345 19
382 4286 532 4348 εἰποιτεΤ
593 4286 611 4361 ἢ
627 4288 812 4364 ἐψηφίσασθε
830 4291 860 4343 Μ
925 4297 954 4346 21
976 4285 1158 4351 ἀσάνΠΒΤ
1227 4297 1260 4346 23
1279 4291 1308 4348 δὲ
1325 4290 1375 4346 UT

176 4377 208 4426 25
227 4365 320 4431 οδτωσ
333 4375 400 4432 εἰΜ
454 4378 487 4429 26
504 4371 696 4448 βοόλοισθεΤ
750 4380 781 4430 2ῑ
801 4372 918 4433 ἑστάναι
936 4377 1007 4442 libri,
1025 4378 1175 4446 prseterT
1232 4381 1263 4431 28
1281 4379 1424 4444 καταβαλ-

176 4454 326 4514 λόντωνΤ
397 4464 430 4513 30
446 4463 495 4517 καί
513 4464 577 4516 ante
594 4459 666 4531 μετὰ
685 4462 785 4517 seclusi
846 4466 875 4515 31
896 4461 1066 4533 προῖκασΰ
