3068 5160
611 316 747 373 ORATIO
764 317 812 374 VI.
1295 320 1335 379 95

78 495 173 558 ἐστίν
199 494 440 571 ἀπορώτατος·
470 493 602 566 εὐνοίας
626 487 724 576 (γάρ)
745 493 802 553 καί
832 489 951 576 φιλίας
980 489 1122 554 ἐλπίσαι
1151 486 1211 575 [δέ]
1241 492 1337 557 οὐδὲν

81 593 224 660 δόναται
252 583 336 672 παρ’
370 590 521 672 οὐδενός,
549 591 634 655 ἀλλά
665 597 831 677 πρότερον
860 596 940 668 τούς
970 595 1106 678 ἀγρίους
1139 592 1276 670 λέοντος
1305 599 1339 657 οἱ

79 701 264 783 τρέφοντες
297 697 532 781 ἀγαπήσουσιν
564 697 584 780 ἢ
618 697 697 770 τούς
730 697 911 779 τυράννους
940 698 974 756 οί
1002 697 1254 780 θεραπεύοντες
1282 701 1339 760 καὶ

80 802 294 886 προσιόντες.

42 910 60 963 ὅ
166 903 232 984 έγὼ
256 898 292 963 δέ
314 895 441 981 βαδίζω
463 902 525 981 μὲν
547 903 630 962 όποι
652 895 833 981 βούλομαι,
859 900 960 984 φησί,
983 901 1128 984 νύκτωρ,
1150 896 1278 983 βαδίζω
1303 899 1338 964 δὲ
1349 903 1390 965 60

80 993 166 1087 μεθ’
201 1007 329 1089 ἡμέραν
356 1005 477 1082 μόνος,
510 1003 631 1087 θαρρῶ
664 999 717 1077 δέ,
752 1005 782 1064 εί
811 999 897 1079 δέοι,
929 1003 986 1064 καί
1015 999 1071 1063 διά
1105 999 1338 1086 στρατοπέδου

10 1118 68 1171 ΙΙ)
81 1108 313 1192 πορευόμενος
334 1106 413 1167 ἀνευ
434 1105 608 1189 κηρυκείου
626 1105 683 1166 καί
698 1100 754 1165 διά
772 1100 919 1186 λῃστῶν·
944 1101 1053 1178 οὐδείς
1067 1105 1130 1189 γάρ
1146 1105 1223 1184 έμοὶ
1237 1101 1339 1164 πολέ-

80 1227 162 1289 μιος
180 1204 257 1271 οὐδὲ
272 1207 398 1292 όχθρός
412 1209 487 1268 ἐστι
501 1201 683 1287 βαδίζοντι.
722 1207 762 1268 ἀν
779 1203 814 1267 δέ
831 1209 923 1280 άπας
943 1208 1004 1285 μὲν
1026 1203 1146 1290 ἐκλίπῃ
1169 1208 1187 1267 ό
1204 1207 1339 1290 χρυσός,

82 1312 178 1384 ἅπας
200 1306 237 1372 δὲ
260 1310 451 1393 όάργυρος,
479 1310 572 1383 άπας
595 1306 631 1370 δέ
655 1305 824 1387 όχαλκός,
849 1311 906 1370 οὐκ
929 1309 969 1370 ἀν
991 1309 1056 1389 ε’γώ
1079 1305 1238 1392 βλαβείην
1262 1303 1339 1368 οὐδὲ

30 1422 61 1477 10
79 1414 210 1497 μικρόν.
255 1411 313 1473 όοὶν
330 1407 365 1472 δέ
384 1412 520 1471 άπασαι
540 1412 601 1490 μὲν
625 1412 661 1470 αί
684 1411 790 1472 οίκίαι
812 1415 965 1472 πέσωσιν
987 1412 1055 1472 ὐπὸ
1080 1417 1230 1490 σεισμοῦ,
1252 1410 1388 1472 καθ-61

81 1516 173 1599 άπερ
209 1515 245 1576 έν
275 1515 415 1598 Σπάρτῃ
451 1517 553 1588 ποτέ,
587 1513 644 1574 καί
672 1514 785 1574 πάντα
815 1509 996 1597 διαφθαρῇ
1025 1513 1067 1573 τά
1090 1514 1264 1596 πρόβατα,
1295 1513 1341 1586 ὡς

81 1613 212 1701 μηδένα
240 1616 389 1700 ἐσθῆτος
411 1615 618 1699 εὐπορῆσαι,
647 1616 691 1699 μη
715 1617 819 1693 μόνον
842 1612 878 1676 δέ
901 1617 960 1699 την
978 1604 1147 1698 Ἀττικήν,
1179 1610 1264 1674 ἀλλά
1286 1615 1343 1674 καί

83 1718 257 1781 Βοιωτίαν
293 1718 349 1780 καὶ
380 1703 647 1801 Πελοπόννησον
683 1717 739 1778 καί
774 1712 961 1777 Θετταλίαν
995 1717 1125 1799 ἀπορία
1157 1713 1341 1798 καταλάβῃ,

83 1820 203 1904 ὥσπερ
231 1816 295 1904 ἤδη
325 1822 490 1904 πρότερόν
521 1835 644 1904 φασιν,
674 1815 770 1880 οὐδέν
799 1819 863 1900 ἐγὼ
884 1823 997 1901 χεῖρον
1021 1815 1098 1879 οὐδὲ
1121 1819 1341 1900 ἀπορώτερον

32 1934 63 1989 1⁵
81 1921 268 2003 βιώσομαι.
305 1921 399 2005 παρά
422 1924 532 1983 πόσον
554 1922 615 2000 μὲν
637 1921 700 2004 γάρ
724 1921 847 2001 ἔσομαι
861 1923 1062 2004 γυμνότερος
1076 1927 1139 1982 τού
1151 1927 1218 1996 νῦν,
1241 1921 1339 2000 πόσφ
1351 1917 1392 1980 62

83 2020 122 2085 δέ
144 2024 358 2106 ἀοικότερος,·
382 2024 478 2085 ἱκανά
502 2021 539 2085 δέ
560 2042 621 2102 μοι
643 2025 773 2107 τροφὴν
796 2027 982 2106 παρασχεῖν
1004 2024 1060 2084 καί
1081 2019 1171 2107 μῆλα
1191 2023 1248 2082 καί
1269 2026 1340 2102 κέγ-

80 2143 160 2210 χροι
187 2126 246 2187 καί
272 2125 394 2208 κριθαί
418 2127 475 2188 καί
497 2126 614 2209 ὄροβοι
635 2125 691 2186 καί
713 2124 755 2184 τά
778 2121 996 2186 εὐτελέστατα
1019 2131 1086 2186 τῶν
1110 2125 1263 2208 ὀσπρίων
1284 2125 1342 2185 καί

83 2228 194 2312 φηγός
215 2228 285 2289 ὐπὸ
307 2233 349 2310 τῇ
371 2231 480 2312 τέφρᾳ
502 2228 558 2289 καί
581 2228 600 2287 ό
620 2234 680 2311 της
701 2228 857 2309 κρανείας
879 2230 1019 2310 καρπός,
1042 2216 1341 2311 ᾗφησινὍμηρος

63 2324 222 2408 ἐὐωχεῖν
244 2329 324 2402 τούς
345 2336 408 2390 τοῦ
423 2319 612 2403 Ὀδυσσέως
634 2330 789 2413 ἑταίρους
810 2330 870 2413 την
892 2330 1029 2414 Κίρκην,
1056 2319 1117 2414 ὐφ’
1143 2327 1189 2390 ῶν
1213 2329 1343 2406 ἀντέχει

30 2444 63 2497 2)
81 2433 278 2516 τρεφόμενα
300 2432 357 2493 καί
378 2432 420 2492 τά
442 2436 585 2514 μέγιστα
609 2432 726 2515 θηρία.

611 2669 818 2678 ——--—-—

10 2942 73 2998 υτ)
299 2922 347 3002 (7)
372 2917 649 3000 ΔΙΟΓΕΝΗΣ
672 2919 717 2997 Η
741 2917 878 2999 ΠΕΡΙ
901 2916 1132 2999 ΑΡΕΤΗΣ.

10 3166 62 3249 =¹25
169 3180 337 3264 Διογένης
360 3180 379 3240 ό
399 3181 574 3253 Σινωπεύς
602 3179 754 3240 ἐκπεσὼν
777 3180 813 3239 έκ
834 3187 894 3264 τῆς
917 3175 1093 3262 πατρίδος,
1117 3175 1251 3252 οὐδενός
1275 3174 1380 3238 δια-1

84 3284 202 3367 φόρων
231 3287 298 3343 τῶν
327 3283 417 3343 πάνυ
450 3277 589 3367 φαύλων
615 3272 792 3365 Ἀθήναζε
821 3280 980 3365 ἀφίκετο,
1009 3281 1066 3341 καὶ
1093 3277 1344 3360 καταλαμβάνει

84 3384 228 3463 σσχνσύς
250 3383 302 3445 ἔτι
324 3390 391 3445 τῶν
412 3386 611 3468 Σωκράτους
634 3385 792 3467 ἑταίρων·
820 3383 877 3443 καί
898 3383 960 3466 γάρ
983 3379 1153 3443 Πλάτωνα
1175 3383 1233 3444 καί
1251 3373 1344 3466 Ἀρί-

86 3501 243 3548 στιππον
264 3487 322 3548 καὶ
336 3484 505 3570 Αἰσχίνην
519 3487 576 3547 καὶ
589 3476 810 3568 Ἀντισθένην
825 3485 881 3544 καί
895 3485 953 3544 τόν
970 3483 1131 3567 Μεγαρέα
1148 3480 1343 3566 Εὐκλείδην·

84 3580 253 3672 Ξενοφῶν
278 3583 313 3648 δὲ
337 3588 457 3672 ἔφευγε
481 3584 537 3650 διά
560 3589 620 3672 την
641 3588 725 3667 μετὰ
748 3587 861 3669 Κύρου
887 3586 1075 3668 στρατείαν.
1113 3592 1179 3646 τῶν
1201 3586 1262 3664 μὲν
1287 3584 1343 3644 οόν

175 3808 189 3860 1
208 3804 240 3862 δέ
263 3819 315 3859 om.
340 3803 363 3858 Ρ
382 3804 495 3860 seclusit
516 3804 597 3868 wil„
624 3804 670 3874 qui
693 3798 750 3877 γὰρ
776 3801 881 3858 addidit
905 3806 970 3871 post
997 3796 1111 3868 εὐνοίας
1206 3792 1345 3872 ἀκράτε-

86 3908 144 3965 ρσν
166 3889 195 3948 οί
217 3885 289 3949 τούο
313 3889 387 3945 UBV
408 3887 556 3965 πρότερον
579 3885 616 3948 ἀν
638 3885 710 3947 τοὺσ
726 3887 789 3950 ΡΥ,
815 3903 886 3943 corr.
910 3888 1011 3944 Reiske
1135 3885 1164 3944 οἳ
1187 3885 1346 3961 τρέφοντεσ

85 3972 150 4043 ΡΥ,
172 3973 203 4034 σί
227 3990 280 4030 om.
306 3975 388 4030 ceteri
473 3969 698 4048 3άγανιὴσωσιν
720 3975 767 4029 ΥΡ
854 3969 926 4031 τούσ
949 3990 1000 4029 om.
1023 3973 1075 4030 ΠΥ
1161 3973 1269 4044 όφησί
1292 3985 1344 4024 om.

86 4058 166 4117 UBV
218 4063 374 4133 δθαρρῶν
391 4061 421 4119 δὲ
437 4061 513 4118 UBV
559 4061 726 4132 Ίκηρνκίου
743 4059 840 4116 BVPY
893 4059 978 4130 Βμέν
995 4056 1139 4125 Βεαοιιί,
1157 4073 1209 4114 om.
1229 4056 1312 4111 ceteri

89 4148 124 4202 1⁰
144 4139 184 4203 ἀν
204 4145 236 4203 δὲ
252 4145 303 4202 UB
390 4150 421 4202 13
439 4144 643 4220 πελοπόνησον
659 4149 684 4201 Y
768 4152 799 4203 15
822 4140 1003 4218 βιόσομαιΥ
1089 4144 1141 4212 μὲν
1165 4142 1261 4198 om.V

87 4227 279 4304 γυμνοίτεροσ
304 4231 330 4284 Y
468 4237 499 4288 16
526 4230 704 4306 ἀοικότεροσ
732 4237 786 4290 τοῦ
811 4237 861 4290 νῦν
891 4230 938 4285 ΡΥ
1076 4225 1177 4301 κέχροι
1203 4227 1228 4282 Y

89 4320 123 4373 17
141 4311 251 4390 δροβοι
268 4312 304 4376 τά
323 4323 384 4386 (om.
403 4322 461 4388 καί)
478 4319 553 4376 UBV
641 4324 672 4374 18
691 4323 744 4392 τῆσ
761 4314 875 4391 τέφρασ
890 4318 917 4374 V
934 4312 986 4388 τὴν
1003 4312 1114 4388 τέφραν
1131 4315 1178 4369 ΡΥ
1280 4332 1348 4384 κρα-

89 4398 224 4460 νίασΥΥ
291 4394 379 4476 {wel
395 4401 423 4477 ἦ)
441 4424 526 4478 φησιν
538 4405 612 4463 UBV
631 4427 653 4481 φ
672 4422 757 4478 φησιν
774 4403 799 4456 Y
816 4395 832 4474 ἦ
851 4393 875 4458 ὦ
887 4401 1005 4474 φησινΡ
1075 4401 1110 4457 cf.
1124 4400 1174 4456 Od.
1190 4405 1230 4467 10,
1243 4401 1293 4453 242

89 4488 127 4542 ²⁹
143 4477 235 4546 οὐτοσ
251 4504 303 4558 pro
320 4492 459 4562 Ξενοφῶν
476 4491 526 4546 UB
612 4485 698 4563 ἔφυγε
714 4491 764 4546 UB
