3068 5160
181 342 241 402 338
534 347 658 404 DIONIS
677 347 860 403 CELAENIS
878 343 1067 400 PHRYGIAE

179 519 276 602 λόγος
305 525 396 585 ἐστίν
428 521 588 608 ἀψευδής.
634 519 696 607 ήδη
720 525 782 604 γάρ
805 543 894 595 τινες
916 528 982 582 τῶν
1006 522 1262 604 ἀφικνουμένων
1286 519 1428 602 ἔφασαν·

178 624 399 707 ἀφικνοῦνται
423 622 458 686 δὲ
483 618 521 686 στ’·
546 622 671 686 πολλοί
692 644 780 697 τινες
803 624 970 705 ἐμπορίας
992 625 1114 683 ἕνεκεν·
1140 618 1236 681 οὗτοι
1259 617 1296 681 δὲ
1322 621 1429 698 έπιμί-

178 744 313 804 γνυνται
328 731 401 801 τοῖς
418 729 504 810 πρὸς
519 724 684 809 θαλάττῃ.
723 733 822 786 τοῦτο
840 722 875 786 δὲ
892 727 1013 803 άτιμόν
1029 725 1121 784 ἐστιν
1135 712 1246 782 Ἰνδῶν
1268 722 1309 781 τό
1332 725 1428 801 γένος,

127 823 214 886 23οἱ
237 823 272 887 δὲ
294 825 392 888 ἄλλοι
416 831 598 913 φεύγουσιν
621 820 752 901 αὐτούς,
840 830 980 900 τούτους
1002 827 1125 907 ἀνάγκη
1151 819 1330 903 ὁμολογεῖν
1345 813 1428 900 ὑμῶν
1466 826 1468 833 ’

179 917 512 1013 εὐδαιμονεστέρους,
542 937 609 990 τῶν
633 926 668 990 δέ
692 926 802 990 ἄλλων
828 921 925 1007 ὑμᾶς,
956 924 1043 1012 πλήν
1067 927 1141 999 ένδς
1164 924 1364 1006 ἀνθρώπων
1387 925 1453 985 έτιύ

177 1034 307 1109 γένους,
337 1039 404 1093 τῶν
435 1028 747 1115 πολυχρυσοτάτων.
800 1033 838 1090 τό
869 1026 904 1090 δὲ
932 1029 1070 1111 χρυσίον
1100 1024 1314 1105 λαμβάνουσι
1344 1025 1428 1107 παρά

178 1134 367 1217 μυρμήκων.
414 1131 509 1194 οότοι
531 1130 569 1194 δέ
599 1135 685 1193 εἰσιν
709 1129 894 1192 ἀλωπέκων
922 1124 1088 1208 μείζονες,
1118 1123 1223 1189 τάλλα
1255 1124 1291 1188 δὲ
1323 1130 1429 1206 ὅμοιοι

178 1238 251 1306 τοῖς
274 1223 359 1317 παρ’
385 1238 473 1318 ήμῖν.
513 1231 750 1318 ὀρύττουσι-δὲ
772 1233 856 1293 κατά
880 1241 948 1317 γῆς,
974 1233 1089 1315 ὥσπερ
1114 1231 1149 1290 οἱ
1167 1225 1287 1290 λοιποί
1309 1230 1428 1311 μύρμη-

176 1354 240 1408 κες.
281 1337 299 1395 δ
323 1332 358 1396 δὲ
378 1343 459 1414 χοῦς
482 1324 598 1409 αὐτοῖς
620 1337 694 1397 ἐστι
712 1336 852 1417 χρυσίον
867 1335 1114 1417 καθαρώτατον
1130 1333 1269 1392 πάντων
1288 1331 1428 1413 χρυσίων

176 1437 232 1497 καί
257 1432 511 1498 στιλπνότατον.
552 1439 638 1498 είσὶν
663 1437 720 1497 σύν
744 1433 891 1520 πλησίον
915 1433 1047 1521 ἑφεξῆς,
1072 1436 1187 1515 ὥσπερ
1210 1429 1357 1494 κολωνοὶ
1378 1439 1430 1492 τοῦ
1444 1441 1460 1492 11

179 1538 367 1620 ψήγματος,
390 1540 446 1598 καί
468 1540 506 1598 τό
532 1534 651 1599 πεδίον
675 1540 767 1599 άπαν
787 1540 985 1621 ἀστράπτει.
1021 1533 1171 1615 χαλεπόν
1187 1535 1245 1595 σόν
1263 1529 1349 1594 ίδεῐν
1365 1534 1428 1593 ἐστι

180 1639 266 1719 πρδς
295 1641 353 1699 τδν
382 1636 494 1722 ήλιον,
522 1641 579 1701 καί
608 1636 730 1701 πολλοί
759 1647 825 1701 τῶν
855 1641 1116 1721 ἐπιχειρούντων
1146 1633 1231 1697 ίδεῖν
1254 1636 1317 1710 τάς
1340 1637 1428 1717 ὄψεις

128 1735 429 1824 24διεφθάρησαν.
477 1742 511 1801 οί
538 1737 573 1801 δὲ
604 1749 864 1825 προσοικοῦντες
887 1742 1072 1824 ἄνθρωποι
1093 1740 1152 1823 τήν
1174 1733 1301 1818 μεταξύ
1326 1739 1428 1819 χώραν

181 1837 376 1916 διελθόντες
398 1843 522 1926 ἔρημον
553 1843 655 1904 οόσαν
685 1833 722 1903 οὗ
753 1841 881 1928 πολλήν
905 1834 960 1928 ἐφ’
995 1838 1164 1925 ἁρμάτων,
1192 1830 1428 1915 ἀποζεύξαντες

181 1944 310 2017 ἵππους
335 1947 529 2023 ταχίστους,
558 1946 780 2029 ἀφικνοῦνται
807 1953 866 2028 της
893 1945 1119 2029 μεσημβρίας,
1152 1942 1250 2025 ήνίκα
1281 1938 1428 2002 δεδύκασι
1445 1954 1462 2001 15

179 2045 263 2105 κατὰ
286 2053 360 2130 γῆς·
384 2047 504 2108 ἔπειτα
530 2049 693 2131 φεύγουσι
715 2048 772 2106 τόν
792 2054 872 2124 χοῦν
896 2048 1121 2130 ἁρπάσαντες.
1161 2044 1195 2103 σί
1210 2040 1247 2104 δὲ
1272 2045 1426 2104 αίσδανό-

179 2166 277 2224 μενοι
300 2143 461 2210 διώκουσι
482 2151 538 2210 καί
560 2151 726 2228 μάχονται
747 2147 1002 2229 καταλαβόντες,
1026 2151 1090 2220 έως
1112 2134 1153 2208 ἀν
1172 2144 1425 2226 ἀποθάνωσινή

181 2247 442 2309 ἀποκτείνωσιν·
466 2247 696 2329 ἀλκιμώτατοι
717 2255 779 2335 γάρ
796 2254 864 2313 εἰσι
880 2251 1013 2335 θηρίων
1029 2251 1199 2309 ἁπάντων.
1239 2248 1328 2308 ὥστε
1345 2244 1428 2307 σότοί

180 2365 216 2427 γε
239 2348 443 2410 ἐπίστανται
465 2353 503 2410 τό
524 2354 663 2434 χρυσίον
687 2355 816 2413 ύπόσου
833 2354 924 2413 ἐστίν
947 2348 1052 2427 ἀξιον,
1078 2351 1134 2411 καί
1158 2345 1234 2410 οὐδὲ
1259 2351 1429 2432 προΐενται

129 2450 346 2531 25πρότερον
381 2451 398 2534 ἢ
434 2452 636 2513 ἀποθανεῖν.
677 2457 758 2536 (γέρε
792 2451 847 2537 δή,
877 2454 972 2526 τίνας
999 2448 1120 2526 ἄλλους
1149 2458 1216 2512 τῶν
1243 2440 1329 2511 καθ’
1355 2455 1464 2533 ήμάςύ

181 2537 383 2629 εὐδαίμονας
407 2553 589 2631 ἀκούομεν,
618 2549 838 2630 Βυζαντίους,
866 2557 979 2637 χώραν
1008 2575 1043 2615 τε
1071 2555 1212 2637 ἀρίστην
1235 2556 1430 2632 νεμομένους

180 2653 235 2712 καί
257 2649 433 2714 θάλατταν
461 2643 723 2739 εὐκαρποτάτην.
762 2664 821 2741 τῆς
848 2653 883 2716 δὲ
906 2664 965 2740 γης
989 2653 1174 2740 ήμελήκασι
1197 2652 1254 2716 διά
1277 2656 1337 2740 τήν
1363 2655 1430 2738 ἀρε·

179 2756 238 2838 τήν
269 2763 327 2839 τῆς
350 2752 533 2839 θαλάττης.
578 2761 598 2840 ή
622 2759 682 2835 μὲν
705 2758 767 2838 γάρ
791 2755 847 2819 διδ
874 2765 1004 2841 μακροῦ
1026 2762 1123 2842 φέρει
1145 2759 1203 2818 τδν
1225 2758 1357 2841 καρπὸν
1380 2743 1430 2816 αὖ·

180 2861 252 2929 τοῖς
273 2858 329 2917 καί
352 2854 408 2917 δεῖ
427 2854 541 2937 λαβεῖν
564 2860 821 2940 ἐργασαμένους,
845 2864 863 2943 ή
889 2857 924 2919 δὲ
948 2848 1095 2920 αὐτόθεν
1112 2857 1216 2943 μηδὲν
1235 2860 1429 2943 πονήσασιν.

265 3074 280 3122 2
298 3090 352 3126 τινι
370 3071 399 3123 Μ
502 3069 660 3144 έμπορείας
678 3075 707 3127 Μ
793 3081 809 3129 4
828 3073 855 3131 οἱ
872 3074 901 3133 δὲ
920 3074 1043 3140 GeeIius,
1067 3071 1097 3130 σί
1112 3095 1143 3132 τε
1161 3073 1235 3130 UBT
1254 3073 1323 3136 οὔτε
1339 3075 1371 3130 Μ

181 3154 318 3224 ψέγουσιν
340 3155 401 3208 libri
421 3172 492 3212 corr.
510 3157 622 3212 Lobeok
684 3163 699 3212 6
718 3163 777 3215 τῶν
794 3155 1056 3230 πολυχρυσοτάτων
1074 3160 1108 3214 of.
1128 3160 1258 3216 Herodot.
1277 3163 1319 3216 111
1339 3166 1386 3217 102

180 3243 194 3291 8
213 3232 279 3304 ύμῖν
297 3239 320 3292 Τ
408 3245 439 3294 10
457 3245 588 3297 κωλωνοί
605 3245 630 3299 U
700 3243 734 3299 τὸ
753 3246 868 3300 παιδίον
889 3236 1087 3314 ἀναστράπτει
1104 3246 1134 3299 Μ
1206 3251 1236 3300 13
1261 3250 1430 3320 προσηκούν·

181 3342 229 3387 τες
250 3323 273 3375 Τ
346 3329 377 3377 14
394 3322 599 3394 ὑποζεύξαντες
615 3325 722 3392 ίππους
739 3334 791 3381 eto.
811 3331 845 3382 ab
864 3329 1000 3383 Herodoto
1018 3330 1087 3385 haec
1104 3330 1259 3399 discrepare
1276 3341 1369 3385 monet
1386 3330 1431 3385 Oo-

181 3409 260 3462 betus
333 3405 487 3467 11ἀνοαι.
507 3412 579 3466 UBT
654 3415 683 3465 18
703 3405 784 3467 αὐτοὶ
802 3429 851 3480 pro
871 3403 951 3468 οὗτοι
970 3414 999 3465 Μ
1069 3418 1099 3469 21
1121 3408 1273 3484 ἀκούωμεν
1290 3413 1364 3472 UBT
