3068 5160
677 347 812 404 ORATIO
835 349 909 403 VIII.
1378 350 1417 408 99

163 513 274 586 αὑτῶν
285 527 524 611 καταφρονήσῃ
537 527 593 586 καί
605 526 731 608 προσίῃ
744 525 883 609 θαρρῶν
896 515 947 608 [οὑ
957 520 1118 610 χαλεπόν]
1132 523 1263 600 δειλούς
1273 528 1329 588 καὶ
1341 525 1419 589 άδυ-

162 630 283 702 νάτους
294 625 419 712 ἀνδρας
430 629 584 712 ἰσχυρούς
593 636 768 713 κρατῆσαι,
780 625 929 707 μάλιστα
944 634 1016 702 τοῖς
1027 630 1121 690 κυσὶν
1134 630 1282 708 ύμοίους,
1297 631 1331 690 οί
1341 631 1419 704 τούς

161 731 223 810 μέν
247 731 433 814 φεύγοντας
449 726 672 791 ἐπιδιώκουσι
693 732 749 791 καί
772 727 930 792 δάκνουσι
951 733 1007 792 καὶ
1031 728 1221 794 διέσπασαν
1247 733 1339 792 ἐστιν
1363 732 1421 805 ούς

161 828 418 913 καταλαβόντες,
442 834 520 906 τούς
537 829 572 893 δέ
595 834 757 907 ἐπιόντας
774 834 830 894 καὶ
844 837 1052 911 μαχομένους
1068 835 1255 917 φοβοῦνται
1270 836 1326 896 καί
1341 836 1419 896 ἀνα-

128 941 325 1019 όχωροὺσι,
355 931 573 1008 τελευτῶντες
603 931 637 996 δέ
669 936 858 1010 σαίνουσιν,
888 931 1028 996 ἐπειδάν
1058 936 1219 1019 συνήθεις
1247 941 1418 1016 γένωνται.

162 1039 196 1098 οί
212 1033 248 1098 δέ
274 1033 397 1098 πολλοὶ
419 1037 604 1116 ἀνθρωττοι
627 1033 897 1120 ἐκπεπληγμένοι
920 1027 1041 1111 αύτούς
1063 1039 1119 1099 καὶ
1148 1039 1202 1098 ἀεί
1231 1057 1315 1099 ποτε
1340 1041 1418 1122 φεύ·
1432 1036 1470 1099 18

161 1158 278 1221 γοντες
294 1139 474 1222 κρίνουσιν,
500 1136 665 1200 ούδέποτε
680 1140 831 1200 ἐναντίον
846 1136 1039 1220 βλέποντες.
1077 1141 1133 1200 καὶ
1148 1140 1209 1224 γάρ
1227 1137 1277 1224 δή,
1302 1142 1417 1225 ὥσπερ

163 1241 197 1302 οἱ
220 1242 397 1302 πυκτεύειν
420 1237 563 1317 είδότες,
594 1242 651 1302 ἐάν
673 1243 734 1320 μέν
765 1237 967 1324 προλάβωσι
996 1243 1054 1302 τδν
1084 1243 1349 1327 ἀνταγωνιστήν,
1381 1244 1418 1303 ού

163 1344 328 1405 παίονται
350 1344 409 1427 τὴν
433 1343 551 1427 ἀρχήν,
586 1340 750 1416 πολλάκις
775 1338 809 1402 δέ
834 1343 1011 1426 ἀπέβησαν
1035 1344 1131 1405 αὑτοὶ
1152 1341 1417 1425 καταβαλόντες·

119 1454 143 1507 10
162 1445 221 1506 ἐὰν
245 1441 280 1506 δέ
304 1445 510 1528 ὑποχωρῶσι
534 1445 758 1528 φοβούμενοι,
788 1433 860 1504 τότ’
888 1445 1110 1529 ἰσχυροτάτας
1134 1442 1265 1530 πληγάς
1293 1444 1418 1528 λαμβά-

163 1559 295 1608 νουσιν·
328 1547 434 1620 οὑτως
456 1547 515 1607 ἐὰν
537 1551 598 1625 μέν
620 1567 672 1620 τις
695 1548 774 1619 τούς
797 1549 924 1620 πόνους
955 1543 1091 1632 δέχηται
1119 1556 1341 1633 καταφρονῶν
1363 1551 1419 1611 καί

116 1662 152 1716 »11)
165 1643 335 1734 πλησιάζῃ
352 1649 554 1733 προθύμως,
573 1649 611 1708 ού
628 1651 716 1710 πάνυ
735 1649 889 1726 ίσχύουσι
905 1652 992 1733 πρὸς
1009 1650 1123 1711 αύτόν·
1148 1651 1206 1714 ἐάν
1223 1647 1258 1712 δὲ
1275 1653 1419 1737 ἀριστη-

164 1772 221 1814 ται
235 1752 292 1813 καὶ
308 1752 472 1835 ἀναχωρῇ,
489 1749 536 1832 τῴ
553 1753 656 1813 παντί
671 1746 805 1830 μείζους
819 1753 875 1813 καὶ
892 1748 1119 1836 σφοδρότεροι
1136 1749 1282 1814 δοκοῦσι.
1321 1760 1420 1814 τοῦτο
1432 1752 1470 1814 19

164 1843 196 1916 δ’
223 1855 264 1915 ἀν
289 1850 376 1927 ἴδοις
398 1855 454 1915 καί
475 1855 535 1915 ἐπὶ
550 1861 611 1914 τοῦ
626 1855 733 1937 πυρδς
747 1856 958 1934 γιγνόμενον·
982 1854 1040 1914 ἐὰν
1056 1855 1117 1932 μὲν
1134 1851 1268 1938 σφόδρα
1284 1856 1417 1939 ἐπιβῇς,

118 1967 142 2018 15
161 1956 307 2038 ἔσβεσας
322 1957 359 2016 τδ
376 1963 461 2040 πῦρ·
485 1957 543 2017 ἐάν
561 1953 595 2017 δέ
612 1958 816 2017 ὑποπτεύων
831 1957 887 2016 καί
904 1952 1074 2031 δεδοικώς,
1100 1952 1233 2039 σφόδρα
1252 1956 1417 2040 ἐκαύθης·

162 2060 280 2142 ὥσπερ
304 2059 411 2120 ἐνίοτε
435 2052 614 2133 παίζοντες
645 2059 678 2118 οἱ
701 2055 823 2131 παῖδες
851 2065 892 2141 τῃ
921 2054 1049 2139 γλώττῃ
1083 2059 1121 2117 τὸ
1151 2064 1218 2141 πῦρ
1244 2058 1417 2138 σβεννύου-

163 2178 226 2224 σιν.
339 2158 433 2222 οὑτοι
462 2163 522 2240 μὲν
552 2160 609 2222 οὑν
634 2161 667 2221 οἱ
689 2161 936 2241 ἀνταγωνισταὶ
966 2155 1082 2237 σχεδὸν
1112 2161 1227 2239 ὅμοιοί
1254 2161 1323 2221 είσι
1345 2165 1418 2235 τοῖς

161 2265 371 2344 παμμάχοις,
396 2263 557 2336 παίοντές
580 2283 615 2323 τε
637 2263 693 2323 καὶ
716 2263 873 2343 ἄγχοντες
887 2264 944 2323 καί
960 2259 1173 2336 διασπῶντες
1187 2262 1244 2323 καὶ
1259 2262 1417 2324 ἀποκτιν-

161 2367 277 2440 νύντες
300 2366 418 2426 ἐνίοτε.
454 2368 549 2448 έτέρα
575 2361 610 2424 δέ
635 2361 806 2448 δεινοτέρα
822 2366 910 2448 μάχη
933 2367 990 2426 καί
1012 2365 1101 2445 ἀγών
1124 2366 1216 2426 ἐστιν
1234 2366 1271 2425 ού
1286 2369 1414 2448 μικρός,
1427 2371 1468 2434 20

116 2479 139 2532 10
162 2464 248 2529 ἀλλά
272 2463 360 2527 πολὺ
383 2469 504 2527 τούτου
527 2461 650 2544 μείζων
672 2469 729 2528 καί
751 2463 1043 2551 ἐπικινδυνότερος
1059 2468 1078 2527 ύ
1094 2469 1180 2551 πρὸς
1203 2471 1262 2554 την
1284 2467 1415 2556 ηδονήν,

161 2561 234 2652 [οὑκ
257 2571 412 2652 ἄντικρυς
434 2563 648 2652 βιαζομένην,
673 2560 749 2628 ἀλλ’
776 2565 1001 2644 ἐξαπατῶσαν
1024 2571 1080 2630 καὶ
1101 2573 1326 2653 γοητεύουσαν
1351 2572 1416 2637 δει-

161 2676 233 2747 νοῖς
258 2664 464 2756 φαρμάκοις]
490 2671 548 2749 ούχ
572 2672 647 2732 οἵαν
664 2662 810 2754 Ὅμηρός
835 2686 949 2754 φησιν,

369 2772 472 2846 αὑθις
497 2769 532 2833 δέ
557 2768 690 2855 δριμεῖα
713 2774 800 2855 μάχη
826 2773 919 2856 παρά
943 2773 1057 2856 νηυσίν
1083 2773 1219 2857 ἐτύχθη.

370 2871 464 2950 ὀξέσι
488 2871 526 2959 δὴ
552 2870 730 2934 πελέκεσσι
752 2876 808 2935 καί
831 2870 963 2950 ἀξίναις
986 2876 1148 2953 ἐμάχοντο

116 2992 140 3044 15
366 2978 423 3038 καί
446 2973 580 3061 ξίφεσιν
603 2973 800 3056 μεγάλοισιν
1425 2983 1463 3045 21

163 3081 221 3158 οὑχ
245 3077 344 3153 οὑτος
367 3081 529 3163 ὑτρόπος
552 3086 611 3163 τῆς
633 3081 755 3163 μάχης·
787 3072 874 3161 [ούδέ
893 3079 954 3162 γάρ
978 3081 1133 3163 ἄντικρυς
1156 3072 1341 3160 βιάζεσθαι
1357 3079 1415 3163 την

161 3175 308 3267 ἡδονήν]
333 3172 411 3242 ἀλλ’
439 3176 622 3263 [ἐξαπατᾶν
645 3181 700 3240 καί
721 3181 891 3263 γοητεύειν
916 3177 1040 3254 δεινοῖς
1064 3174 1277 3266 φαρμάκοις]
1301 3182 1416 3264 ὥσπερ

155 3276 303 3369 Ὅμηρός
327 3299 414 3369 φησι
436 3285 494 3368 την
518 3282 645 3366 Κίρκην
668 3283 747 3355 τούς
770 3289 832 3341 τοῦ
848 3272 1037 3356 Ὀδυσσέως
1060 3284 1215 3366 ἑταίρους
1243 3304 1416 3368 καταφαρ-

251 3455 263 3505 1
284 3445 318 3506 ού
335 3443 465 3520 χαλεπὸν
483 3463 535 3502 om.
555 3444 629 3502 UBV
697 3439 809 3501 δειλοὺσ
826 3449 874 3502 καὶ
893 3441 1054 3503 άδυνάτουσ
1072 3446 1145 3501 UBV
1170 3451 1270 3504 δειλῶν
1286 3453 1335 3505 καὶ
1353 3444 1416 3506 άόυ

163 3533 260 3595 νάτων
277 3535 325 3588 ΡΥ
414 3537 429 3587 2
449 3529 573 3602 ὑμοίουσ
591 3529 663 3586 VPY
683 3524 796 3599 ὑμοίωσ
815 3530 876 3599 UB;
895 3530 1067 3585 scribendum
1084 3537 1168 3600 puto:
1186 3528 1238 3589 ἐὰν
1251 3565 1280 3572 -
1295 3537 1416 3606 θαρρῶν

160 3613 311 3696 (εὑρήσει)
328 3615 438 3684 δειλοὺς
453 3623 503 3676 καὶ
524 3611 679 3682 ἀδυνάτους
697 3622 749 3670 etc.
804 3621 818 3671 3
837 3611 915 3673 ἐστιν
927 3632 978 3670 om.
992 3616 1067 3672 UBV
1124 3621 1141 3671 4
1157 3618 1321 3691 κατέλαβον
1334 3617 1382 3673 UB

162 3700 364 3780 ἀναχωροῦσιν
381 3705 419 3773 V3
441 3703 608 3774 praeferrem
625 3696 810 3774 ὑποχωροῦσι
913 3706 928 3754 5
948 3703 1078 3758 σαίνουσι
1097 3702 1118 3754 Ρ
1224 3709 1236 3755 1
1256 3701 1415 3761 ἐκκλίνουσι

163 3791 345 3862 Wyttenbach
449 3794 464 3844 9
485 3780 626 3846 παύονται
643 3787 669 3843 U
783 3787 813 3844 δέ
829 3785 974 3860 ἐπέβησαν
991 3786 1064 3842 PYV
1084 3786 1113 3844 δὲ
1131 3790 1179 3844 καί
1196 3785 1340 3862 ἐπέβησαν
1358 3791 1416 3858 UB,

164 3895 234 3934 corr.
247 3877 358 3943 Reiske,
376 3876 422 3946 qui
439 3879 487 3932 καί
505 3878 594 3930 servat
605 3871 752 3944 (ἐπείησαν
765 3873 796 3939 Ρ)
852 3878 880 3926 10
899 3865 1076 3947 ὑποχωρῶσι
1093 3874 1165 3939 libri,
1183 3890 1251 3930 corr.
1273 3875 1381 3930 GeelIus

164 3959 374 4037 ἰσχυροτάτουσ
391 3956 447 4018 τάσ
464 3959 486 4014 Ρ
504 3953 697 4030 ἰσχυροτάτου
715 3953 771 4016 τάσ
788 3958 813 4011 Υ
883 3961 914 4011 12
932 3951 1085 4030 άφίσιηται
1106 3959 1128 4014 U
1192 3964 1221 4012 15
1240 3955 1277 4016 άν
1295 3961 1325 4018 δέ
1341 3961 1366 4015 V

165 4106 197 4156 16
216 4099 416 4174 σβεννοίουσιν
433 4096 457 4151 U
521 4100 550 4149 17
569 4104 631 4160 τοῖς
648 4090 808 4166 πυγμάχοις
826 4092 873 4146 PY
934 4097 965 4148 18
983 4064 1207 4154 άπακτειὺὑνιεσ
1225 4097 1249 4150 Y
1267 4090 1415 4154 άποκτειν-

164 4184 284 4244 νὺούτεσ
302 4186 328 4241 U
345 4175 628 4241 ἀποκτεινύοντεσΒ
652 4172 935 4236 άπακτιννὺοντεσῩ
1022 4184 1055 4234 20
1079 4175 1182 4251 ἡδονὴν
1205 4175 1259 4237 οὑκ
1281 4174 1416 4251 άντικρὺσ

163 4272 337 4347 βιαζομένην
360 4259 426 4324 ἀλλ’
449 4263 640 4332 ἐξαπατῶσαν
662 4268 711 4320 καί
732 4260 927 4335 γοητεύουσαν
949 4269 1055 4320 δεινοῖο
1077 4258 1257 4339 φαρμάκοισ·
1280 4259 1331 4337 οὑχ
1351 4262 1416 4323 άίαν

162 4362 215 4412 ete.
234 4354 305 4421 libri,
322 4351 487 4420 interpolata
505 4349 615 4404 seclusit
633 4350 742 4404 Geelius
812 4349 890 4404 Hom.
906 4349 937 4403 Il.
953 4354 992 4415 15,
1011 4354 1068 4404 696.
1089 4355 1146 4404 111.
1167 4355 1216 4405 112
1285 4355 1318 4405 24
1336 4352 1415 4410 πελέ-

162 4460 225 4500 κεσι
243 4439 291 4494 ΡΥ
360 4429 499 4502 άξίνεσλί
584 4429 724 4505 μεγάλοιο
742 4434 816 4490 UBV
902 4439 933 4489 26
954 4428 969 4490 ὑ
989 4451 1041 4490 om.
1060 4433 1133 4489 VPY
1237 4431 1411 4512 οὑδὲγάρ-

163 4523 333 4600 φαρμάκοισ
350 4521 394 4578 hic
412 4535 519 4589 quoque
536 4519 698 4574 secludenda
716 4525 782 4588 puto
853 4512 886 4577 οὑ
903 4516 961 4591 γὰρ
981 4519 1026 4574 UB
1096 4523 1128 4574 28
1148 4516 1266 4590 ἐτέρουσ
1284 4524 1305 4577 Ρ

1179 4611 1211 4644 Ρ*
