3068 5160
593 361 730 418 ORATIO
748 361 863 417 XXXII.
1298 358 1358 418 285

95 547 200 601 ταῦτα
224 540 258 600 έν
282 538 494 622 ἀνθρώποις,
519 541 549 601 εί
572 540 716 618 θεμιτόν
739 539 868 613 εἰπεῖν,
897 533 992 597 οὐδέν
1015 539 1099 616 μέγα
1124 531 1200 596 οὐδὲ
1224 535 1359 615 θαυμα-

98 643 176 702 στόν
199 641 349 718 ἔχουσιν,·
480 642 510 702 εί
532 642 594 725 γάρ
615 632 783 725 Ἰσμηνίας
805 634 900 722 ηύλει
923 629 1007 721 παρ’
1039 639 1158 721 ύμῖνῆ
1185 638 1407 717 Τιμόθεος61

96 723 175 826 ᾖδεν
199 743 218 802 ό
241 738 389 816 παλαιός
410 735 576 827 ἢἈρίων,
599 733 661 827 ὑφ’
688 740 731 803 ού
752 737 904 820 λέγουσιν
928 729 1071 820 ᾄδοντος
1093 740 1128 799 έν
1151 737 1199 819 τῴ
1219 737 1360 821 πελάγει

97 845 175 917 τούς
199 839 361 928 δελφῖνας
384 845 577 929 ἀφικέσθαι
599 846 687 929 πρδς
715 846 775 928 τὴν
803 849 900 918 ναῦν,
928 843 985 902 καί
1012 841 1097 919 μετά
1126 848 1232 902 ταῦτα
1262 844 1358 903 ἐκπε-

60 956 74 1004 5
98 949 199 1007 σόντα
224 946 325 1007 αύτδν
346 947 432 1007 κατά
455 949 555 1030 τύχην
578 946 653 1007 τινά
677 942 859 1024 ἀναλαβεῖν
881 943 937 1004 καλ
967 949 1094 1018 σῶσαι,
1124 949 1199 1016 πώς
1229 944 1269 1004 ἀν
1293 941 1359 1005 διέ-

97 1047 237 1122 κεισθε,·
269 1051 398 1110 τούτων
427 1051 487 1127 μέν
515 1051 578 1132 γάρ
608 1050 700 1109 ἐστιν
731 1042 841 1119 οὐδεὶς
866 1036 1021 1129 Ἀμφίων
1052 1040 1128 1105 ούδέ
1154 1036 1313 1129 Ὀρφεύς·
1343 1048 1361 1106 ό

97 1151 158 1228 μέν
180 1149 243 1234 γάρ
266 1151 340 1223 υἱός
362 1145 402 1233 ἦν
424 1151 580 1235 Μούσης,
605 1151 638 1210 οἱ
661 1146 696 1211 δὲ
720 1151 755 1210 έκ
777 1156 837 1233 τῆς
856 1138 1041 1226 Ἀμουσίας
1065 1148 1166 1231 αὐτῆς
1187 1149 1360 1227 γεγόνασι·

99 1248 357 1332 διαθρύψαντες
372 1246 469 1335 <γάρ>
480 1254 536 1313 καί
550 1248 754 1327 κατάξαντες
769 1252 807 1310 τό
829 1251 950 1328 σεμνόν
965 1256 1027 1310 τοῦ
1039 1246 1162 1327 μέλους
1176 1250 1233 1310 καί
1248 1252 1360 1311 πάντα

99 1355 228 1435 τρόπον
253 1349 488 1437 λωβησάμενοι
510 1355 569 1438 τὴν
592 1354 734 1435 ἀρχαίαν
756 1353 919 1435 μουσικήν
935 1387 977 1394 -
992 1352 1044 1424 τίς
1066 1350 1128 1433 γάρ
1146 1351 1255 1413 αὐτῶν
1272 1344 1360 1437 ᾠδὴν
1371 1354 1411 1416 62

49 1463 77 1514 10
98 1451 227 1516 τέλειον
249 1455 268 1538 ἢ
292 1459 444 1535 γενναῖον
467 1456 603 1539 ῥυθμόν
626 1453 699 1528 οἷός
721 1474 757 1515 τε
780 1447 911 1528 είπεῖνς
932 1487 974 1497 -
997 1449 1081 1513 ἀλλά
1098 1444 1234 1534 ᾄσματα
1249 1472 1361 1534 γυναι-

98 1564 165 1618 κών
187 1559 244 1618 καί
269 1558 440 1639 κρούματα
471 1558 643 1641 ὀρχηστῶν
670 1557 726 1617 καὶ
754 1556 937 1638 παροινίας
965 1557 1214 1638 τερετισμάτων
1245 1556 1361 1639 ὥσπερ

98 1660 194 1719 κακοί
216 1659 273 1719 καὶ
296 1660 471 1742 περίεργοι
492 1661 650 1742 μάγειροι
674 1658 919 1741 συντρίψαντες
949 1649 1041 1737 [τούς
1063 1651 1198 1740 νόμους]
1222 1654 1362 1731 ἰδιώτας

98 1761 154 1820 καὶ
184 1756 315 1838 λίχνους
338 1760 506 1844 ἀκροατάς
527 1767 687 1822 κινοῦσιν.
732 1765 910 1841 τοιγαροῦν
940 1760 998 1819 οῦκ
1031 1760 1100 1819 ἀπό
1129 1761 1255 1820 κύκνων
1285 1756 1361 1820 ούδδ

99 1858 252 1945 ἀηδόνων
276 1864 295 1922 δ
318 1856 415 1946 ζῆλος
444 1863 554 1923 αὐτῶν
583 1863 780 1939 ὠνόμασται
809 1849 892 1943 παρ’
924 1860 1003 1938 ύμῖν
1032 1860 1161 1936 αύτοῖς,
1191 1850 1286 1936 ἀλλ’,
1316 1863 1363 1935 ώς

49 1971 77 2022 15
100 1964 202 2039 έοικε,
242 1958 449 2045 κνυζηθμοῖς
487 1964 544 2024 καὶ
583 1959 745 2042 ύλαγμοῖς
792 1955 953 2034 εἰκάζετε.
996 1961 1109 2022 καίτοι
1149 1958 1363 2046 φιλοσόφους

100 2067 161 2143 μὲν
183 2055 279 2147 ᾔδειν
304 2065 410 2138 οὕτως
432 2060 668 2143 καλουμένους,
691 2058 883 2144 κιθαρῳδοὶ
907 2058 942 2122 δὲ
966 2063 1107 2123 Κυνικοί
1128 2064 1222 2147 παρά
1244 2067 1363 2142 μόνοις

101 2167 179 2243 ύμῖν
208 2168 393 2246 γεγόνασιν.
439 2166 458 2225 ό
486 2166 547 2244 μὲν
578 2164 635 2225 ούν
655 2155 810 2248 Ἀμφίων
839 2165 926 2246 πρός
953 2165 992 2224 τό
1021 2161 1138 2242 μέλος,
1169 2167 1214 2240 ώς
1246 2182 1361 2250 φασιν,

101 2267 212 2350 ἤγειρε
234 2267 291 2328 καί
317 2268 463 2350 ε’πύργου
493 2270 552 2351 την
582 2263 700 2327 πόλιν·
731 2263 825 2326 ούτυι
855 2261 891 2326 δὲ
921 2265 1151 2348 ἀνατρέπουσι
1178 2270 1235 2330 καί
1262 2290 1363 2332 κατα-

104 2364 250 2429 λύουσιν.
294 2370 352 2430 καὶ
369 2371 434 2454 μην
450 2371 469 2430 ό
484 2388 521 2450 γε
534 2359 676 2452 Ὀρφεύς
698 2367 740 2428 τά
755 2367 864 2450 θηρία
879 2371 1003 2452 ημέρου
1018 2370 1075 2430 καί
1088 2371 1234 2448 μουσικά
1250 2373 1364 2434 ἐποίει

53 2480 81 2529 20
104 2466 160 2531 διά
183 2478 243 2555 τῆς
266 2461 372 2554 ᾠδῆς·
396 2468 491 2531 ούτοι
514 2467 551 2531 δὲ
573 2471 667 2549 ἀμάς,
692 2469 901 2552 ἀνθρώπους
924 2471 1034 2547 ὄντας,
1058 2472 1194 2555 ἀγρίους
1217 2477 1363 2559 πεποιή-

104 2587 183 2633 κασι
211 2573 268 2634 καὶ
297 2569 534 2646 ἀπαιδεύτους.
665 2573 729 2651 ἔχω
760 2567 795 2632 δὲ
825 2572 882 2633 καί
910 2567 1012 2634 ἀλλον
1039 2577 1149 2635 εἰπεῖν
1181 2571 1277 2656 λόγον
1308 2577 1363 2638 ἀν·
1374 2576 1414 2638 63

10 2685 88 2736 ,381111
104 2675 251 2758 θρώπου
276 2676 408 2758 Φρυγὸς
430 2676 587 2751 ἀκούσας,
610 2673 785 2736 Αἰσώπου
805 2681 989 2754 συγγενοῦς,
1014 2671 1110 2758 δεῦρο
1133 2673 1363 2762 ἐπιδημήσαν-

102 2796 170 2853 τος,
194 2775 232 2837 δν
255 2778 304 2850 είς
320 2768 445 2861 Ὀρφέα
467 2778 524 2864 καί
545 2777 630 2854 ύμάς
653 2772 771 2856 ἔλεγεν.
817 2776 892 2837 ἔστι
915 2773 950 2837 δέ
973 2783 1040 2838 τῶν
1062 2778 1230 2861 ύμετέρων
1255 2795 1363 2859 σκωμ-

101 2880 217 2956 μάτων
248 2879 466 2959 ἀτοπώτερος
493 2878 551 2938 καὶ
579 2879 794 2961 μακρότερος.
842 2883 999 2940 σκοπεῖτε
1030 2878 1103 2955 οὖν,
1135 2881 1166 2941 εί
1194 2877 1363 2958 βούλεσθε

51 2990 80 3038 25
103 2979 335 3054 ἀκοῦσαικαὶ
357 2980 401 3063 μη
427 2974 658 3061 δυσχεράνητε.
704 2979 769 3063 έφη
794 2982 906 3043 τοίνυν
929 2983 1055 3055 ἐκεῖνος
1078 2983 1160 3066 περί
1174 3003 1210 3044 τε
1228 2981 1362 3068 Θρᾴκην

103 3080 160 3140 καὶ
181 3075 400 3139 Μακεδονίαν
422 3081 481 3140 τόν
500 3071 626 3163 Ὀρφέα
648 3076 822 3160 μελῳδεῖν,
844 3083 1005 3165 καθάπερ
1029 3082 1176 3167 εἴρηται,
1204 3085 1304 3147 κάκεῖ
1321 3087 1362 3146 τά

104 3174 173 3260 ζῷα
197 3184 379 3262 προσιέναι
402 3178 502 3262 αύτῷ,
527 3177 615 3240 πολύ
637 3202 672 3242 τι
695 3178 832 3266 πλῆθος
848 3182 945 3262 οἶμαι
961 3177 1049 3266 [τῶν]
1066 3189 1203 3248 πάντων
1217 3188 1361 3273 θηρίων.

103 3277 248 3341 πλεῖστα
273 3277 308 3342 δὲ
331 3283 366 3343 έν
390 3282 505 3356 αύτοῖς
528 3281 617 3344 εἶναι
638 3285 718 3357 τούς
732 3302 768 3344 τε
785 3285 930 3366 όρνιθας
944 3287 1000 3347 καί
1014 3288 1056 3347 τά
1073 3289 1238 3370 πρόβατα.
1284 3291 1363 3362 τούς
1373 3288 1414 3352 64

101 3383 163 3461 μὲν
185 3382 247 3466 γάρ
272 3378 409 3458 λέοντας
430 3386 487 3446 καί
508 3385 550 3444 τά
573 3391 713 3446 τοιαῦτα
738 3381 794 3446 διδ
817 3387 876 3470 την
899 3383 1000 3472 ἀλκὴν
1022 3389 1078 3449 καὶ
1099 3392 1158 3475 την
1182 3392 1363 3475 ἀγριότητα

51 3496 80 3547 30
104 3480 354 3569 δυσπιστότερα
377 3485 475 3562 εἷναι,
497 3487 554 3547 καὶ
576 3487 618 3546 τά
640 3487 701 3565 μὲν
726 3478 800 3547 οὐδ’
826 3483 913 3560 ὅλως
936 3485 1109 3567 πελάζειν,
1136 3491 1177 3551 τά
1202 3483 1235 3553 δ’
1261 3492 1364 3566 εύθύς

104 3587 312 3670 ἀποχωρεῖν,
337 3589 395 3667 ούχ
416 3584 563 3672 ἡδόμενα
586 3584 633 3668 τῴ
656 3583 760 3666 μέλει.
806 3585 907 3650 τάδε
932 3591 1042 3674 πτηνά
1064 3592 1121 3653 καί
1142 3593 1184 3652 τά
1207 3595 1363 3676 πρόβατα

190 3840 205 3889 3
224 3829 333 3907 ἀρείων
350 3837 405 3890 ΒΜ
493 3842 508 3891 5
525 3834 684 3905 ὑπολαβεῖν
703 3837 822 3893 Cobetus
913 3844 927 3892 1
947 3831 1029 3897 αύτοὶ
1045 3831 1183 3912 γεγόνασι
1201 3840 1277 3906 libri,
1296 3857 1365 3896 corr.

22 3951 28 3964 =
103 3922 183 3989 Emp.
238 3925 253 3974 8
272 3920 480 3993 διατρέψαντεσ
492 3923 565 3978 UBT
583 3917 626 3978 διὸ
646 3918 810 3994 τρέψαντεσ
821 3924 861 3993 Μ,
879 3939 949 3980 corr.
962 3924 1072 3989 Reiske,
1089 3928 1138 3981 καὶ
1158 3923 1366 3999 διατρέψαντες

102 4006 200 4075 Pflugk
218 4005 443 4081 διαστρέψαντες
454 4006 566 4074 ΚαὶδεΙς
584 4003 641 4078 γὰρ
659 4007 752 4062 addidi
820 4005 995 4075 τάξαντεσΒ
1066 4014 1097 4063 10
1116 4010 1208 4069 εἰπεῖν
1227 4011 1294 4066 ferri
1311 4028 1365 4068 non

102 4104 183 4160 posse
200 4090 266 4147 vidit
280 4091 346 4146 wil.
419 4096 446 4147 11
467 4087 638 4164 κρούσματα
656 4091 686 4143 M
740 4085 926 4163 ἀρχιστώνΤ
977 4095 1058 4149 immo
1076 4100 1240 4167 παροινίαν
1257 4101 1366 4171 τερετί-
1447 4115 1450 4118 ’

104 4194 199 4243 σματα
306 4179 337 4229 12
355 4170 428 4232 ταὺσ
445 4171 553 4243 νόμους
570 4179 619 4231 aut
637 4181 797 4245 corruptum
814 4181 864 4232 aut
880 4180 1085 4250 removendum
1113 4181 1153 4247 εἰς
1172 4178 1240 4249 τοὺς
1257 4179 1366 4252 νόμους

102 4259 246 4329 Emperius
265 4258 351 4315 dubit.
414 4263 445 4314 13
463 4260 616 4318 κινοῦσιΤ
685 4253 842 4319 κύανωνΤ
912 4268 945 4317 14
962 4254 1039 4321 δίστε
1056 4265 1086 4318 Μ
1157 4272 1189 4321 15
1207 4270 1367 4340 κυζηθμοῐσ

102 4344 177 4398 UBT
195 4346 373 4416 σκυζηθμοῖσ
389 4345 421 4399 Μ
439 4360 508 4400 corr.
529 4345 707 4401 casaubonus
777 4343 919 4416 εἰκάζεται
932 4349 1011 4403 UBM
1081 4356 1112 4405 17
1132 4345 1265 4424 άμφείων
1281 4354 1313 4408 Μ

105 4433 137 4482 18
155 4425 328 4487 καταλύουσι
346 4429 419 4485 UBT
490 4434 523 4485 24
540 4426 718 4504 μικρότεροσ
735 4432 765 4485 Μ
834 4436 867 4486 26
886 4434 1058 4489 scribendum
1075 4436 1159 4509 (καὶ)
1176 4435 1313 4512 καθάπερ

105 4518 137 4567 27
156 4514 327 4569 scribendum
346 4510 426 4583 οἶμαι
443 4517 591 4572 παντοίων
607 4518 719 4587 θηρίων
788 4521 820 4572 30
839 4514 954 4588 πελάζει
972 4519 995 4573 Β
