3068 5160
225 338 263 395 66
676 332 801 389 DIONIS
818 331 869 386 DE
887 331 1013 386 REGNO

225 515 312 596 πρδς
341 513 510 586 ἅπαντας,
539 509 597 570 έάν
626 505 664 570 δέ
691 523 747 570 σοι
770 504 866 590 δόξῃ,
896 505 943 588 τῴ
967 502 1112 589 δορατίῳ
1138 501 1405 587 διαπερόνησον·
1435 503 1478 575 ὡς

225 615 363 675 ἀκούσει
375 612 468 695 παρά
480 613 584 690 μόνου
597 605 793 694 ἀνθρώπων
806 611 890 687 ἐμοῦ
899 605 1044 694 τάληθῆ,
1056 608 1114 669 καί
1125 597 1210 689 παρ’
1230 602 1368 678 ούδενδς
1378 599 1477 664 ἀλλου

225 707 444 799 [ἀνθρώπων]
462 714 502 774 ἀν
517 712 657 791 μύθοις.
692 714 817 786 πάντες
827 713 889 793 γάρ
906 711 976 771 είσι
988 710 1122 794 χείρους
1136 709 1221 786 ἐμοῦ
1228 708 1286 769 καλ
1301 703 1477 769 ἀνελευθε-
1490 716 1530 769 σου

174 816 215 879 60
226 818 378 901 ρώτεροι.
418 822 523 876 ταῦτα
540 810 576 875 δὲ
592 810 702 895 ἔλεγεν
718 815 736 874 ό
751 815 925 896 Διογένης,
942 800 1026 895 παρ’
1047 809 1143 873 οὐδὲν
1157 812 1218 890 μὲν
1233 810 1428 892 ἡγούμενος,
1451 809 1479 868 εί

225 919 283 979 καί
304 938 339 979 τι
361 917 528 993 πείσεται,
552 911 641 1001 πλὴν
664 921 784 1000 σαφῶς
798 933 835 995 γε
850 910 951 988 είδώς
966 917 1019 975 δτι
1036 910 1132 976 οὐδὲν
1147 913 1272 974 ἔσοιτο.
1310 911 1507 995 ηπίστατού

227 1018 289 1102 γὰρ
313 1019 371 1078 τόν
389 1005 609 1101 Ἀλέξανδρον
633 1012 752 1078 δοῦλον
775 1017 853 1078 όντα
876 1024 936 1101 τῆς
952 1012 1051 1100 δόξης
1064 1015 1122 1077 καί
1137 1005 1299 1075 οὐδέποτ’
1318 1013 1360 1075 ἀν
1376 1013 1480 1094 ἀμαρ-

177 1121 214 1184 61
228 1121 329 1180 τόντα
352 1120 432 1202 περί
454 1120 590 1203 ἐκείνην.
628 1120 693 1204 ἔφη
719 1118 776 1180 σόν
798 1117 899 1179 αύτδν
920 1112 1005 1201 μηδὲ
1027 1118 1066 1177 τό
1091 1120 1229 1200 σημεῖον
1250 1117 1289 1176 τδ
1305 1111 1480 1196 βασιλικόν

226 1221 323 1299 ἔχειν.
367 1221 424 1282 καί
451 1211 708 1304 δἈλέξανδρος
736 1221 937 1298 θαυμάσας,
970 1217 1037 1279 Ούκ
1059 1219 1138 1303 ἄρτι
1160 1214 1285 1299 ἔλεγες,
1315 1219 1383 1302 ἔφη
1391 1265 1402 1294 ,
1432 1219 1480 1278 ὅτι

229 1319 325 1384 ούδέν
350 1318 408 1384 δεῖ
426 1322 573 1405 σημείων
595 1319 643 1402 τῷ
665 1317 818 1402 βασιλεῖ·
839 1321 910 1382 Ναί
930 1319 978 1400 μδ
992 1309 1066 1397 Δί’,
1090 1319 1177 1396 εἷπε,
1200 1325 1266 1380 τῶν
1289 1338 1325 1401 γε
1341 1314 1479 1394 ἔξωθεν,

172 1525 214 1588 62
226 1525 262 1584 ἐκ
286 1531 345 1608 τῆς
370 1525 504 1608 φύσεως
527 1521 617 1605 αύτῷ
636 1521 693 1585 δεῖ
703 1527 885 1607 προσεῖναι
900 1525 1037 1585 πάντων
1051 1519 1210 1602 μάλιστα.
1248 1523 1319 1584 Καί
1334 1523 1370 1584 τί
1384 1525 1480 1582 τοῦτό

226 1627 329 1701 ἐστιν,
353 1625 418 1709 ἔφη
436 1616 703 1708 δἈλέξανδρος;
717 1618 759 1686 Ὃ
774 1625 831 1686 καί
845 1632 911 1686 τῶν
925 1621 1101 1704 μελιττῶν,
1123 1621 1145 1709 ἦ
1161 1616 1196 1686 δ’
1214 1627 1259 1700 ύς,
1282 1621 1331 1705 τῷ
1349 1619 1485 1704 βασιλεῖ

227 1729 422 1809 πρόσεστιν.
466 1727 486 1811 ἢ
518 1727 575 1787 ούκ
602 1727 746 1811 ἀκήκοας
775 1730 828 1789 ότι
856 1728 929 1789 ἐστί
956 1724 1116 1807 βασιλεύς
1145 1729 1180 1789 ἐν
1208 1729 1284 1800 ταῖς
1308 1722 1481 1805 μελίτταις

229 1830 332 1914 φύσει
359 1831 569 1910 γιγνόμενος,
601 1829 658 1890 ούκ
680 1830 716 1890 έκ
737 1833 852 1910 γένους
873 1836 973 1890 τοῦτο
997 1830 1097 1907 ἔχων,
1128 1829 1243 1912 ὥσπερ
1265 1829 1364 1907 ὑμεῖς
1388 1847 1481 1912 φατε,

228 1919 293 2016 ἀφ’
320 1922 521 2015 Ἡρακλέους
546 1930 656 2006 όντες,·
688 1933 731 1992 Τί
754 1931 811 1993 οὖν
833 1933 933 1992 τοῦτό
956 1932 1065 2007 ἐστιν,
1096 1928 1191 1993 εἶπεν
1215 1920 1518 2013 όἉλέξανδρος,ύ

176 2034 217 2099 63
229 2034 267 2094 τό
300 2036 457 2116 σημεῖον,·
488 2029 556 2093 Ούκ
585 2033 738 2117 ἀκήκοας,
763 2031 855 2109 είπε,
884 2039 951 2094 τῶν
972 2039 1127 2117 γεωργῶν
1150 2035 1203 2094 ότι
1223 2033 1309 2115 μόνη
1334 2032 1443 2115 ἐκείνη
1465 2035 1482 2112 η

227 2130 367 2212 μέλιττα
391 2134 468 2194 ἀνευ
490 2137 627 2216 κέντρου
650 2135 759 2210 ἐστίν,
789 2136 836 2208 ὡς
859 2122 955 2196 οίδέν
979 2124 1064 2219 αὐτῇ
1086 2131 1163 2196 δέον
1186 2130 1293 2195 ὅπλου
1317 2135 1408 2216 πρὸς
1431 2124 1482 2194 οὗ·

228 2231 328 2309 δίνα,·
359 2224 499 2312 οὐδεμία
522 2234 584 2318 γὰρ
608 2226 693 2319 αὐτῇ
715 2243 782 2297 τῶν
805 2232 915 2298 ἀλλων
937 2233 1102 2315 μελιττῶν
1126 2235 1384 2322 ἀμφισβητήσει
1407 2236 1482 2320 περί

228 2343 287 2420 τῆς
309 2331 486 2415 βασιλείας
509 2327 586 2397 oid&
609 2338 797 2421 μαχήσεται
818 2345 917 2399 τούτο
940 2340 1071 2422 ίχούση.
1109 2340 1149 2400 σύ
1174 2335 1212 2400 δέ
1231 2356 1294 2417 μοι
1317 2327 1482 2412 δοκεῖςοδ

178 2441 219 2503 64
228 2439 331 2516 μόνον
357 2442 571 2520 περιπατεῖν,
595 2433 679 2498 ἀλλὰ
702 2440 758 2500 καί
772 2436 953 2501 καθεύδειν
969 2442 1004 2502 ἐν
1019 2444 1092 2514 τοῖς
1106 2436 1237 2513 όπλοις.
1280 2429 1351 2500 Ούκ
1368 2436 1519 2517 οἷσθα,νί

229 2540 306 2624 ἔφη,
330 2542 383 2601 ότι
408 2540 619 2623 φοβουμένου
642 2541 734 2601 ἐστίν
757 2540 945 2623 ἀνθρώπου
969 2538 1057 2602 ὅπλα
1081 2543 1186 2620 ἔχειν;
1215 2540 1429 2627 φοβούμενος
1451 2538 1483 2602 δέ

231 2631 393 2702 ου’δέποτ’
415 2641 455 2702 ἀν
472 2632 583 2716 οὐδείς
597 2646 728 2722 γένοιτο
743 2638 913 2722 βασιλεύς,
938 2634 975 2703 ού
991 2639 1119 2722 μᾶλλον
1134 2644 1153 2727 ἢ
1172 2639 1301 2717 δούλας.
1341 2644 1484 2717 ἀκούσας

178 2741 267 2808 65δέ
293 2735 550 2827 δἈλέξανδρος
572 2740 685 2826 ὀλίγον
709 2745 744 2805 ἐκ
767 2752 826 2829 τῆς
845 2746 959 2828 χειρός
981 2745 1089 2830 ἀφῆκε
1111 2745 1150 2806 τό
1174 2741 1344 2828 δοράτιον.
1383 2752 1484 2806 ταῦτα

231 2842 266 2907 δέ
290 2843 399 2927 ἔλεγεν
430 2847 449 2906 δ
471 2847 651 2930 Διογένης,
682 2850 886 2930 προτρέπων
914 2836 1015 2907 αὐτὸν
1038 2837 1211 2929 εὐεργεσίᾳ
1234 2848 1412 2909 πιστεύειν
1433 2847 1485 2907 καί

231 2944 279 3026 τῷ
304 2943 434 3007 δίκαιον
457 2951 616 3029 παρέχειν
640 2948 751 3023 αὐτόν,
774 2945 859 3008 ἀλλὰ
882 2951 926 3034 μη
943 2952 1016 3022 τοῖς
1031 2943 1161 3021 ὅπλοις.
1198 2949 1244 3007 Σύ
1262 2943 1309 3024 δέ,
1333 2949 1412 3033 ἔφη,
1433 2949 1521 3010 καίίύ

231 3049 289 3107 τόν
321 3047 434 3124 θυμόν
463 3049 498 3107 ἐν
527 3055 568 3132 τῇ
596 3056 688 3132 ψυχῇ
718 3055 837 3133 φορεῖς
865 3052 1083 3134 ἠκονημένον,
1116 3045 1267 3127 χαλεπόν
1297 3051 1406 3125 οὕτως
1433 3050 1485 3111 καί

181 3151 222 3212 66
232 3148 345 3227 βίαιον
367 3151 512 3231 κέντρον.
551 3140 610 3210 οὐκ
632 3151 833 3235 ἀπορρίψας
856 3158 959 3212 ταύτα
980 3151 1073 3211 ἀνύν
1089 3151 1185 3228 ἔχεις,
1208 3147 1360 3231 ἐξωμίδα
1378 3149 1484 3233 λαβὼν

233 3247 426 3333 λατρεύσεις
448 3254 522 3324 τοῖς
545 3251 649 3312 αύτού
668 3255 873 3337 κρείττοσιν,
900 3249 984 3313 ἀλλδ
1008 3249 1206 3337 περιελεύσῃ
1232 3250 1383 3338 διάδημα
1406 3255 1485 3332 ἔχων

230 3348 497 3432 καταγέλαστον;
525 3351 633 3436 μικρῷ
664 3351 699 3416 δέ
729 3357 868 3438 ὕστερον
898 3352 981 3427 ἴσως
1005 3349 1111 3437 λόφον
1135 3356 1256 3438 φύσεις
1276 3356 1335 3417 καί
1357 3358 1483 3440 τιάραν,

233 3455 348 3537 ὥσπερ
373 3455 407 3513 οἱ
429 3451 643 3538 ἀλεκτρυόνες
651 3479 663 3531 ,·
691 3448 749 3517 ούκ
771 3458 964 3540 ἐννενόηκας
986 3458 1045 3539 την
1067 3462 1134 3517 τῶν
1156 3458 1273 3518 Σακῶν
1296 3459 1427 3542 ἑορτήν,
1448 3457 1522 3540 ἣνθ

318 3718 621 3796 ίδιαπεροίνησονλί
713 3717 865 3790 λᾶκούεις
888 3724 1058 3779 scribendum
1147 3723 1247 3795 μόνων
1269 3724 1346 3781 UBV
1442 3724 1487 3782 καὶ

231 3799 305 3880 παρ’
325 3838 355 3844 -
373 3803 482 3876 μύθοις
499 3807 550 3861 del.
570 3807 731 3863 Herwerden
835 3812 849 3861 3
868 3802 1033 3880 ἀνθρώπων
1055 3809 1107 3865 del.
1126 3811 1207 3879 Emp.
1232 3809 1324 3881 possis
1348 3811 1431 3866 etiam
1447 3811 1488 3865 hic

232 3906 347 3957 servare,
367 3893 417 3948 del.
436 3892 526 3959 μείονα
543 3892 603 3945 loco
714 3889 854 3962 μάθησΡ
958 3886 1224 3967 ἀνελευθερώτατοι
1240 3894 1314 3950 ΙίΒΡ
1398 3899 1487 3954 ύττεί-

232 3994 314 4032 οοιτο
333 3991 384 4043 pro
408 3971 504 4032 ἔσοιτο
524 3974 642 4030 Οοδοίσε
661 3977 824 4031 Herwerden
926 3984 940 4031 7
965 3976 1076 4035 ἐκεῖνον
1098 3979 1174 4043 libri,
1198 3994 1268 4033 corr.
1294 3981 1406 4036 Geelius

234 4054 323 4118 αὐτὸν
341 4077 393 4116 om.
412 4061 460 4116 ΠΒ
540 4057 653 4118 9εἶτιεν
670 4062 717 4115 BV
797 4067 827 4115 10
847 4056 911 4118 οἷον
928 4078 980 4118 om.
998 4063 1074 4118 UBV
1153 4067 1184 4117 12
1201 4068 1250 4120 καὶ
1268 4068 1328 4121 τῶν
1345 4068 1487 4138 μεγίστων

232 4147 282 4201 UB
353 4149 384 4200 16
403 4143 524 4203 εἷπενλί
596 4152 625 4202 11
647 4143 711 4204 οὐδὲ
729 4142 800 4220 αὐτῇ
816 4149 842 4203 V
913 4152 943 4203 19
961 4143 1083 4219 μάχεται
1100 4149 1176 4205 UBV
1244 4141 1370 4222 ἐχούσησ
1388 4151 1438 4207 UB

234 4233 265 4283 25
290 4227 325 4288 τὸ
349 4235 461 4288 δίκαιον
489 4231 566 4299 libri,
595 4237 637 4306 τῷ
664 4237 715 4290 δικ.
744 4249 837 4302 apogr.
859 4249 914 4288 rec.
1022 4237 1053 4286 27
1078 4226 1252 4305 ἀποῤῥίφασ
1280 4225 1333 4292 οὖν
1356 4236 1407 4292 UB

234 4319 265 4367 28
291 4313 518 4388 περικελεύσηΡ
612 4321 643 4370 29
669 4320 774 4389 μικροῦ
796 4317 870 4373 UBV
957 4323 988 4372 30
1013 4313 1207 4389 ἐνενόνόηκασ
1229 4316 1251 4369 Ρ
1273 4317 1347 4387 (εἰσί)
1443 4317 1489 4392 τὴν

233 4412 285 4452 om.
303 4399 353 4454 UB
423 4399 539 4458 σάκκων
556 4401 596 4463 U,
619 4418 674 4455 non
698 4405 801 4456 certum
825 4407 877 4468 est,
899 4403 1070 4458 scribendum
1094 4417 1154 4458 esse
1177 4407 1315 4462 Σακαίαν
1334 4406 1370 4461 cf.
1392 4407 1486 4462 Strabo

233 4496 260 4547 p.
282 4485 379 4550 ἀλλος.
