3068 5160
615 340 902 397 PROLEGOMENA.
1296 339 1388 393 XXIX

132 534 203 580 esse
225 520 313 597 puto
335 549 376 559 -
398 534 430 597 p.
454 517 503 595 83,
528 520 546 578 5
568 513 737 597 βούλεσθε
767 517 824 577 οὖν
852 517 956 600 βραχύ
983 537 1016 577 τι
1038 518 1094 578 καὶ
1116 521 1189 590 τοῖς
1211 518 1389 598 νεωτέροις

133 612 265 700 [λόγων]
288 619 572 702 ἐπιχαρισώμεθα
595 626 657 679 τοῦ
675 615 976 702 μοθολοχηματος;
1022 615 1116 694 Quod
1137 616 1171 679 in
1193 614 1249 680 VP
1271 615 1390 697 legitur

133 721 184 780 ἔτι
215 721 439 803 χαρισώμεθα
470 717 523 783 vel
552 717 771 803 χαρισόμεθα
805 715 847 781 ab
876 715 933 780 UB
965 722 1052 782 reete
1084 716 1290 783 emendatum
1319 735 1390 782 esse

133 817 279 884 arbitror.
314 818 407 898 Quod
429 838 505 885 vero
527 839 586 903 pro
612 827 698 906 (τοῖς
720 825 898 904 νεωτέροις
916 813 1037 901 λόχων’
1062 817 1196 902 praebet
1210 818 1284 884 UB:
1311 829 1390 906 ετῶν

133 928 303 1007 νεωτέρων
334 916 467 1005 λόγον’,
497 921 703 1004 interpolatio
732 926 780 984 est
809 918 992 985 manifesta.
1037 919 1100 998 Qui
1130 921 1215 986 euim
1237 927 1327 988 sunt:
1358 926 1391 985 οἱ

133 1027 291 1107 νεώτεροι
315 1022 410 1107 λόχοι
432 1034 495 1086 τοῦ
514 1020 824 1110 μοθολοχήματοςῗ
861 1021 913 1085 An
934 1020 1047 1086 fabula
1068 1021 1127 1086 illa
1143 1023 1252 1089 multis
1268 1029 1392 1088 oonstat

133 1125 372 1190 narrationibus
398 1125 516 1209 partim
545 1125 688 1209 antiquis
715 1124 833 1208 partim
861 1124 1107 1208 reeentioribus,
1138 1144 1273 1209 quarum
1295 1145 1392 1189 unam

134 1231 241 1291 orator
272 1227 433 1292 relaturus
466 1225 538 1292 est?
581 1227 712 1292 Minime
745 1227 836 1291 vero!
874 1225 940 1291 Sed
970 1225 1083 1292 fabula
1116 1227 1150 1291 in
1182 1227 1392 1310 sequentibus

134 1334 266 1393 narrata
291 1334 340 1395 est
361 1328 420 1394 illa
442 1326 572 1412 quidem
594 1327 766 1409 reoontior,
796 1327 855 1392 sed
876 1347 974 1392 unam
996 1348 1067 1394 esse
1089 1348 1130 1393 ex
1152 1329 1263 1394 multis
1285 1349 1394 1395 reeen-

134 1431 269 1497 tioribus
297 1432 369 1515 quis
398 1429 533 1496 eredat?
578 1427 670 1507 Quod
698 1427 754 1493 ΥΡ
784 1427 955 1512 praebent:
989 1437 1062 1506 τοῖς
1090 1438 1268 1517 νεωτέροις
1298 1433 1393 1497 unioe

134 1552 244 1598 verum
267 1537 331 1613 est;
354 1551 430 1596 nam
452 1530 495 1595 ad
516 1530 771 1596 adulescentium
790 1550 908 1614 pravos
930 1550 1055 1596 amores
1069 1533 1239 1615 sequentia
1252 1531 1394 1598 referun-

134 1641 195 1700 tur.
240 1632 421 1698 Deleudum
448 1637 497 1697 est
520 1632 628 1716 λόγων
650 1638 685 1696 ut
706 1650 788 1697 sana
809 1633 969 1698 sententia
991 1633 1092 1698 exsist
1114 1639 1136 1697 t.
1161 1669 1200 1678 -
1223 1654 1255 1718 p.
1279 1637 1329 1718 85,
1355 1641 1393 1701 19

136 1735 176 1801 de
199 1735 347 1817 Diogene
369 1733 501 1800 dieitur:
529 1738 586 1798 καὶ
607 1745 706 1798 τοῦτο
730 1739 790 1815 μὲν
814 1729 1014 1821 εὐφραίνετο
1037 1738 1165 1820 θέρους
1188 1736 1394 1822 προσιόντος

135 1838 241 1902 όπότε
264 1834 325 1922 [δέ]
348 1837 410 1924 ἤδη
433 1837 564 1918 διαχέοι
578 1841 636 1900 τόν
653 1840 746 1922 άέρα,
769 1846 869 1899 τοῦτο
884 1834 956 1920 <δὲ>
973 1831 1031 1900 οὐκ
1045 1840 1171 1923 ἤχθετο
1189 1847 1392 1920 παυομένου.

135 1939 228 2018 Quod
249 1939 377 2004 unuinis
399 1938 526 2020 inclusi,
552 1939 589 2003 δέ
610 1938 691 2003 illud
706 1943 779 2022 post
794 1937 909 2016 ὁπότε,
932 1938 989 2002 ΥΡ
1003 1938 1170 2022 praebent,
1194 1940 1311 2004 omittit
1326 1939 1393 2004 UB.

135 2041 216 2106 Cum
237 2061 314 2106 vero
336 2046 457 2106 eertum
479 2040 522 2105 sit
543 2047 615 2125 post
635 2051 734 2104 τοῦτο
757 2039 963 2106 inserendum
978 2059 1058 2122 esse,
1081 2045 1117 2104 ut
1131 2040 1393 2122 significavimus,

134 2143 192 2209 ΠΒ
214 2149 286 2228 post
307 2146 433 2230 ἤχθετο
456 2143 577 2224 inserit,
600 2142 657 2209 ubi
678 2142 755 2207 ferri
777 2162 842 2206 non
863 2147 977 2226 potest.
1015 2143 1078 2207 Pro
1099 2154 1199 2207 τοῦτο
1222 2143 1278 2208 ΥΡ
1301 2163 1393 2226 prae·

134 2245 212 2311 bent
239 2245 370 2309 τοῦτον.
416 2245 486 2310 Hoo
514 2246 548 2309 in
575 2255 674 2308 τοῦτο
703 2244 762 2309 UB
789 2245 940 2327 mutavit,
970 2250 1056 2310 reete
1082 2245 1139 2310 ille
1161 2243 1307 2329 quidem,
1337 2244 1396 2310 sed

134 2348 219 2414 falsa
246 2347 362 2413 duotus
390 2348 532 2430 ratione3
566 2367 641 2412 uam
669 2347 726 2411 vix
753 2345 885 2412 dubium
914 2352 962 2412 est
992 2347 1070 2430 quin
1099 2357 1198 2410 τοῦτο
1222 2347 1266 2411 ad
1288 2351 1394 2434 θέρος

134 2450 247 2516 referri
273 2457 305 2515 et
327 2448 505 2515 subieotum
528 2468 598 2514 osse
620 2448 780 2514 enuntiati
802 2448 988 2532 temporalis
1012 2451 1127 2525 (ὁπότε
1151 2451 1224 2524 eto.)
1246 2449 1394 2514 voluerit.

135 2553 250 2636 Itaque
265 2552 479 2635 oorruptelam
494 2551 541 2616 sio
556 2556 659 2615 ortam
674 2570 745 2617 esse
755 2556 848 2634 puto:
863 2551 1001 2634 primum
1013 2551 1047 2614 in
1058 2551 1234 2635 arohetypo
1246 2562 1344 2615 τοῦτο
1358 2552 1395 2615 δέ

136 2654 217 2720 abiit
239 2654 274 2718 in
295 2665 424 2733 τοῦτον,
449 2653 524 2718 dein
539 2659 697 2718 eorreotor
712 2653 758 2732 δέ,
782 2651 868 2736 quod
883 2650 1089 2717 desiderabat
1103 2649 1185 2717 falso
1200 2653 1271 2717 looo
1286 2653 1395 2717 intulit

135 2762 208 2840 post
230 2761 333 2819 όπότε
341 2781 352 2833 ,·
376 2755 451 2820 dein
472 2755 533 2819 hoo
550 2775 719 2840 perperam
734 2754 804 2819 fieri
818 2753 900 2818 vidit
915 2754 990 2837 UB;
1015 2755 1052 2818 δέ
1066 2754 1165 2836 igitur
1180 2761 1252 2837 post
1267 2758 1393 2840 η’χθετο

136 2859 342 2942 transposuit.
377 2856 472 2922 Unde
494 2857 599 2923 eluoet
620 2857 678 2922 UB
701 2857 742 2922 ab
764 2855 878 2923 eadem
901 2862 1051 2940 eorrupta
1065 2856 1203 2920 leotione
1217 2853 1393 2940 protentum

137 2980 208 3026 esse
235 2961 270 3025 in
297 2960 368 3024 looo
396 2958 636 3043 interpolando,
668 2979 764 3043 quam
792 2959 828 3024 in
854 2958 1040 3024 melioribus
1070 2957 1161 3023 libris
1182 2957 1330 3040 legimus.
1353 2995 1395 3003 —

136 3085 168 3148 p.
192 3067 243 3145 96,
260 3066 302 3127 22
326 3062 383 3126 δεῖ
401 3064 458 3125 odo
473 3060 529 3125 ΥΡ
545 3061 614 3127 δεῖν
637 3065 698 3148 γάρ
721 3061 811 3146 ἔλεγε
827 3060 895 3126 UB.
931 3060 1022 3139 Quae
1037 3060 1093 3125 ΥΡ
1109 3060 1266 3144 praebent
1280 3081 1396 3127 manea

137 3172 212 3232 sunt
227 3171 284 3230 aut
300 3169 458 3248 oorrupta,
475 3181 581 3247 neque
595 3164 702 3246 plaoet
718 3162 803 3248 quod
814 3163 984 3247 Emperius
999 3163 1141 3246 seripsit:
1159 3163 1229 3228 δεῖν
1245 3167 1303 3229 οὖν
1319 3172 1397 3249 ete.;

137 3267 314 3334 infinitivus
342 3266 428 3330 enim
457 3285 521 3328 non
548 3264 647 3330 habet
677 3265 762 3330 unde
789 3265 939 3348 pendeat.
984 3266 1094 3330 Leotio
1117 3263 1175 3329 UB
1204 3285 1242 3330 eo
1271 3266 1398 3331 laborat

138 3368 225 3453 quod
246 3368 415 3450 inelegans
437 3373 486 3432 est
508 3365 571 3430 duo
588 3365 739 3450 deinceps
755 3368 923 3431 enuntiata
939 3366 1163 3432 ooniunotione
1177 3373 1239 3454 γάρ
1256 3367 1397 3433 adneoti.

138 3469 226 3548 Quid
246 3469 310 3534 Dio
339 3469 503 3553 seripserit
535 3466 677 3532 nondum
704 3468 838 3549 eontigit
859 3467 939 3531 mihi
961 3474 997 3532 ut
1018 3468 1201 3550 reperirem.
1248 3469 1397 3552 Cogitavi

139 3572 195 3637 de:
217 3570 300 3655 <ὡς>
322 3571 407 3634 δέον.
424 3605 465 3615 -
484 3591 515 3653 p.
534 3573 604 3652 108,
624 3575 662 3634 10
680 3563 819 3634 Ἔπειτα
842 3575 969 3647 ἐκεῖνος
990 3574 1061 3650 μέν,
1084 3574 1161 3656 ἔφη,
1187 3575 1223 3634 σέ
1248 3577 1397 3658 πονηρόν

138 3679 321 3761 ηχούμενος
344 3677 475 3760 ἔφαμεν,
500 3676 553 3736 ἴνα
576 3677 620 3760 μη
645 3671 839 3759 βλάπτηται
862 3677 929 3736 ὑπὸ
948 3681 1017 3751 σοῦ,
1043 3676 1082 3734 οὐ
1100 3672 1135 3734 δέ
1151 3677 1277 3737 ἐκεῖνον
1294 3695 1397 3760 πονη-

138 3780 198 3860 ρδν
227 3777 315 3839 εἶναι
349 3774 451 3858 λέγων
489 3772 614 3861 ζητεῖς,
648 3774 794 3862 [άλδῆλον
829 3779 882 3838 δτι
915 3774 1080 3862 βλάπτη
1116 3779 1172 3839 καὶ
1205 3767 1260 3838 ὑπ’
1294 3780 1398 3839 αὐτοῦ

138 3877 352 3961 βουλόμενος.
397 3876 570 3943 Praeolare
598 3877 679 3943 haee
701 3876 886 3942 emendavit
907 3875 1103 3944 Dindorfius.
1146 3876 1231 3941 Nam
1253 3876 1295 3943 ab
1318 3878 1398 3960 opti-

138 3999 262 4043 morum
284 3978 437 4044 librorum
458 3978 514 4044 ΥΡ
537 3978 674 4043 leetione
691 3979 851 4063 protentus
866 3980 1063 4064 pauoissima
1078 3979 1223 4060 mutavit,
1247 3977 1399 4044 videlieet

140 4107 161 4145 α
184 4086 260 4146 ante
284 4080 384 4168 δῆλον
403 4079 542 4161 seolusit,
566 4100 624 4162 pro
639 4080 832 4167 βλάπτηται
846 4082 975 4165 seripsit
988 4081 1209 4165 βλάπτεσθαι
1224 4081 1399 4145 mutatione

139 4183 314 4248 levissima.
353 4179 439 4259 Quid
460 4199 537 4244 vero
559 4180 643 4246 UB?
676 4181 795 4247 Addito
819 4187 856 4246 ου’
879 4187 941 4269 γάρ
965 4189 1039 4248 ante
1062 4182 1187 4269 ἄδηλον
1209 4189 1240 4248 et
1264 4188 1303 4246 οὐ
1327 4189 1399 4267 post

139 4289 197 4348 καὶ
217 4285 323 4350 loourn
346 4303 462 4348 sanare
483 4281 546 4348 sibi
568 4283 656 4349 visus
679 4290 741 4350 est:
765 4282 889 4371 ζητεῖς·
914 4289 952 4349 οὐ
974 4289 1036 4371 γάρ
1056 4284 1181 4370 άδηλον
1196 4291 1249 4349 δτι
1264 4285 1397 4371 βλάπτῃ

139 4391 196 4451 καὶ
221 4391 260 4449 σύ
283 4380 339 4449 ὑπ’
366 4380 471 4449 αὐτοῦ
491 4384 703 4467 βουλόμενος.

227 4487 350 4552 Protuli
373 4506 427 4552 eos
449 4486 536 4551 looos
559 4507 667 4554 omnes
690 4509 731 4554 ex
753 4487 951 4554 orationibus
973 4507 1058 4571 qnae
1080 4487 1320 4568 invenustam,
1343 4485 1400 4550 ubi
