3068 5160
216 293 280 353 224
679 289 801 345 DIONIS
821 287 1010 344 RHODIACA

217 490 269 543 τις
293 469 385 552 εύροι
408 469 501 551 παρά
525 487 560 548 γε
589 471 662 540 τοῖς
693 463 839 527 πλείοσι,
884 466 984 524 τούτό
1012 464 1087 525 έστι
1114 465 1153 525 τδ
1184 469 1324 525 ποιοῦν
1357 463 1395 523 έν
1423 467 1484 536 ταῖς

216 573 341 649 μάχαις
364 571 442 643 τούς
465 569 618 649 ἀγαθούς
641 565 765 652 ἀνδρας
788 566 988 649 ἔμπροσθεν
1004 566 1229 650 εὑρίσκεσθαι
1253 568 1484 648 τετρωμένους

216 673 273 733 καί
294 674 338 756 μὴ
362 675 662 755 μεταστραφέντας
685 667 854 748 οἴχεσθαι,
880 664 1044 742 πολλάκις
1062 669 1199 746 ἑτοίμου
1225 675 1293 753 τῆς
1322 667 1484 750 σωτηρίας

218 774 451 858 ἀποκειμένης.
499 770 555 834 διά
585 775 684 834 τοῦτό
712 789 817 856 φησιν
841 772 859 830 ὑ
882 772 1028 855 ποιητης
1050 772 1107 831 τδν
1127 761 1291 848 Ἀχιλλέα
1318 770 1370 853 μή
1396 764 1484 853 θελη-

220 891 278 937 σαι
299 879 491 960 γηράσαντα
516 876 709 936 ἀποθανεῖν
726 871 823 949 οἴκοι,
846 874 903 934 καί
924 874 982 934 τὸν
991 864 1128 956 Ἕκτορα
1150 873 1261 950 μόνον
1280 878 1417 955 στῆναι
1432 872 1503 952 πρύλ

169 979 276 1062 18της
299 975 442 1054 πόλεως,
466 980 497 1039 εἰ
521 975 602 1053 δέοι,
627 984 714 1037 πᾶσι
736 977 954 1054 μαχούμενον.
992 982 1091 1036 τοῦτο
1116 969 1155 1058 ἦν
1178 975 1217 1035 τδ
1237 980 1408 1057 ποιῆσαν
1424 975 1485 1034 Λα-

217 1075 440 1158 κεδαιμονίων
469 1080 564 1153 τινάς
592 1081 626 1139 έν
656 1083 728 1152 τοῖς
759 1082 888 1151 στενοῖς
917 1072 1168 1152 ἀντιτάξασθαι
1198 1077 1294 1158 πρὸς
1321 1077 1486 1148 τοσαύτας

217 1181 361 1263 Περσῶν
383 1177 559 1265 μυριάδας.
598 1187 696 1241 τοῦτο
720 1181 863 1263 έποίησε
885 1180 965 1252 τούς
985 1180 1165 1260 ὑμετέρους
1181 1179 1392 1259 προγόνους
1409 1178 1485 1237 άπα-

220 1297 281 1342 σαν
303 1291 362 1367 γῆν
385 1284 440 1344 καί
462 1279 638 1343 θάλατταν
660 1278 834 1366 έμπλῆσαι
849 1281 1024 1364 τροπαίων
1039 1281 1095 1341 καί
1109 1286 1169 1363 τῆς
1185 1273 1321 1364 λοιπῆς
1335 1270 1485 1352 Ἑλλάδος

218 1386 346 1462 τρόπον
358 1385 433 1444 τινὰ
446 1384 650 1467 έσβεσμένης
661 1387 785 1462 μόνους
795 1377 919 1463 <ὑμάς>
930 1373 989 1466 ἐφ’
1005 1383 1120 1454 αὑτοῖς
1133 1377 1360 1465 διαφυλάξαι
1373 1384 1415 1442 τό
1427 1401 1483 1443 κοι-
1496 1393 1508 1442 1

217 1485 274 1544 νύν
290 1481 423 1564 ἀξίωμα
439 1493 506 1546 τῶν
518 1477 679 1570 Ἑλλήνων
695 1486 744 1558 είς
760 1486 817 1546 τδν
833 1491 889 1545 νύν
906 1486 1059 1567 παρόντα
1073 1485 1207 1572 χρόνον,
1239 1483 1334 1545 ὅθεν
1353 1485 1484 1558 είκότιος

168 1587 275 1666 19μοι
301 1583 428 1649 δοκεῖτε
450 1582 564 1667 μεῖζον
587 1588 748 1647 ἁπάντων
771 1587 905 1647 ἐκείνων
930 1591 1077 1670 φρονεῖν.
1116 1587 1150 1646 σί
1170 1586 1319 1666 μὲνγὰρ
1348 1588 1388 1648 έν
1413 1588 1484 1670 ἀρχῇ

216 1690 257 1750 τὰ
287 1691 374 1774 πρός
404 1690 483 1762 τούς
513 1689 703 1771 βαρβάρους
734 1689 971 1772 εὐτυχήσαντες
994 1689 1050 1750 καί
1073 1684 1225 1771 λαμπροί
1250 1692 1431 1772 φανέντες
1452 1689 1483 1748 τύ

218 1788 322 1852 λοιπά
346 1787 541 1876 ἐξήμαρτον,
566 1791 700 1875 φθόνου
723 1786 849 1868 μᾶλλον
871 1791 927 1851 καί
949 1791 1067 1864 ἀνοίας
1088 1791 1145 1851 καί
1168 1785 1379 1874 φιλονικίας
1406 1793 1484 1876 ἤπερ

217 1894 337 1978 ἀρετῆς
360 1889 526 1969 ἐπίδειξιν
557 1895 774 1972 ποιούμενοι,
803 1897 901 1976 μέχρι
928 1888 1072 1976 μηδενδς
1099 1887 1230 1967 ἔξωθεν
1262 1889 1512 1971 ένοχλούντοςύ

216 1996 313 2056 αὑτοὶ
336 1996 554 2080 παρείθησαν
576 1997 632 2058 καί
655 1997 766 2056 πάντα
789 1991 851 2079 ἤδη
876 1996 933 2055 τόν
959 1990 1163 2073 βουλόμενον
1193 1991 1287 2055 εἶναι
1312 1991 1485 2079 δεσπότην

216 2094 364 2158 έκάλουν.
415 2098 510 2176 ὑμεῖς
545 2095 580 2158 δὲ
614 2100 797 2171 τοσούτους
826 2093 997 2175 πολέμους
1024 2095 1295 2179 κατωρθωκότες
1327 2098 1485 2170 ἅπαντας

164 2201 207 2262 20
218 2200 276 2277 οὑχ
298 2199 398 2283 ἦττον
421 2196 530 2273 καλῶς
554 2196 732 2260 ἀνείλεσθε
755 2221 774 2283 η
798 2199 958 2279 γενναίως
981 2193 1231 2282 ἐπολεμήσατε·
1257 2194 1357 2284 πλην
1381 2201 1484 2262 έκεῖνο

215 2319 251 2380 γε
275 2297 375 2385 δηλόν
398 2303 490 2361 ἐστιν
513 2303 565 2361 ότι
587 2302 671 2384 μήτε
693 2303 788 2379 ὑμεῖς
809 2301 892 2383 μήτε
908 2296 1007 2360 άλλοι
1022 2303 1120 2375 τινές,
1145 2299 1179 2360 οῖ
1194 2296 1362 2363 δοκοῦσιν
1376 2293 1520 2386 Ἕλλη-ολ

216 2423 281 2462 νων
303 2403 322 2486 ἢ
345 2402 525 2484 βαρβάρων
547 2398 688 2482 μεγάλοι
709 2401 882 2481 γενέσθαι,
906 2392 953 2462 δι’
979 2398 1061 2463 ἀλλο
1085 2422 1119 2462 τι
1142 2397 1327 2487 προῆλθον
1354 2405 1410 2480 είς
1434 2402 1516 2466 δόλ

216 2500 275 2578 ξαν
298 2505 354 2565 καί
377 2500 517 2582 δύναμιν
539 2525 559 2587 η
583 2510 650 2564 τῶν
672 2504 755 2564 κατά
778 2507 881 2585 μέρος
912 2499 1103 2586 φιλοτίμων
1132 2507 1289 2584 τυχόντες
1318 2507 1383 2568 καί
1407 2507 1484 2590 περί

216 2601 374 2680 πλείονος
396 2613 458 2667 τοὺ
478 2600 534 2690 ζην
557 2609 748 2690 ηγουμένων
771 2606 830 2689 την
852 2606 991 2687 ὕστερον
1015 2605 1192 2690 εὐφημίαν.
1237 2609 1256 2689 ν)
1282 2606 1350 2691 γὰρ
1379 2605 1480 2693 στήλη
1528 2603 1530 2607 ’

214 2708 271 2768 καί
293 2709 331 2768 τδ
355 2709 551 2792 ἐπίγραμμα
573 2709 629 2769 καί
644 2709 682 2768 τδ
703 2704 845 2786 χαλκοῖν
868 2708 1008 2768 έστάναι
1029 2711 1114 2789 μέγα
1137 2703 1233 2768 δοκεῖ
1249 2712 1329 2782 τοῖς
1352 2711 1480 2791 γενναί-

216 2829 268 2883 οις
284 2807 437 2893 ἀνδράσι,
459 2811 515 2870 καὶ
533 2810 662 2889 μισθὸς
680 2806 777 2883 οὑτος
793 2806 889 2885 ἄξιος
904 2818 963 2895 της
979 2810 1099 2895 ἀρετῆς
1114 2809 1152 2870 τό
1167 2810 1211 2894 μη
1228 2810 1318 2888 μετά
1335 2817 1402 2874 τοῦ
1417 2813 1479 2872 σώ-

214 2931 321 2988 ματος
344 2911 539 2996 ἀνῃρῆσθαι
562 2912 600 2971 τδ
625 2912 730 2989 όνομα
753 2902 835 2995 μηδ’
862 2913 911 2986 είς
935 2909 1009 2972 ἴσον
1031 2918 1238 2995 καταστῆναι
1260 2908 1339 2987 τοῖς
1356 2915 1406 3000 μή
1431 2933 1479 2996 γε·
1498 2922 1517 2971 13

215 3016 384 3089 νομένοις,
415 3008 499 3072 ἀλλά
530 3010 620 3090 ἴχνος
645 3034 680 3074 τι
703 3009 873 3075 λιπέσθαι
895 3015 950 3074 καί
974 3017 1128 3096 σημεῖον,
1158 3014 1204 3087 ὡς
1226 3013 1266 3074 ἀν
1291 3013 1398 3079 εἴποι
1420 3038 1480 3092 τις,

161 3115 273 3197 21της
296 3110 540 3197 ἀνδραγαθίας.
627 3117 706 3190 τούς
729 3116 918 3197 ἀγιονιστάς
940 3117 1080 3188 τούτους
1103 3115 1201 3198 δρᾶτε
1220 3117 1283 3176 όσα
1302 3118 1481 3198 πάσχουσι

213 3210 465 3294 γυμναζόμενοι,
491 3213 717 3294 δαπανῶντες,
741 3219 779 3278 τύ
803 3214 994 3279 τελευταῖον
1018 3211 1252 3300 ἀποθνῄσκειν
1275 3219 1482 3302 αἱρούμενοι

215 3313 379 3392 πολλάκις
408 3320 443 3378 έν
473 3318 587 3392 αὐτοῖς
615 3325 688 3394 τοῖς
710 3317 845 3394 ἀθλοις.
890 3320 924 3379 τί
947 3318 1022 3392 ούν,·
1052 3316 1157 3392 εἴτις
1180 3315 1295 3380 ἀνέλοι
1318 3324 1382 3383 τὸν
1409 3328 1481 3386 στέ-

215 3440 340 3503 φανον,
365 3418 407 3481 οὑ
423 3423 522 3504 χάριν
547 3418 821 3506 φιλοτιμοῦνται,
850 3423 907 3482 καί
929 3423 988 3505 τὴν
1010 3421 1203 3506 έπιγραφην
1225 3421 1285 3505 την
1310 3423 1519 3509 έσομένηνν]

211 3513 436 3601 Ὀλυμπίασιν
457 3523 477 3607 ἢ
501 3524 626 3585 Πυθοῖ
643 3532 702 3608 τῆς
725 3525 832 3608 νίκης,
860 3514 916 3606 ἀρ’
943 3521 1062 3584 οἴεσθε
1090 3525 1171 3602 μίαν
1200 3526 1328 3606 ημέραν
1352 3526 1481 3600 αύτούς

212 3620 399 3699 ἀνέξεσθαι
428 3627 486 3687 τόν
514 3622 610 3710 ἥλιον
638 3629 757 3705 μόνον,
788 3626 846 3703 ούχ
874 3628 969 3698 ὅπως
1000 3622 1106 3686 τάλλα
1134 3629 1198 3688 όσα
1220 3622 1268 3706 τῷ
1295 3629 1481 3709 πράγματι

213 3728 397 3807 πρόσεστιν
421 3725 505 3812 ἀηδῆ
529 3729 585 3788 καὶ
604 3724 736 3804 χαλεπά
744 3749 755 3800 ,·
777 3728 812 3787 τί
835 3718 889 3800 δ’,·
914 3727 972 3788 ε’ἀν
996 3732 1131 3812 γένηται
1155 3723 1254 3812 δῆλον
1278 3727 1402 3804 αὐτοῖς
1426 3733 1481 3794 ότι

300 4032 309 4079 1
332 4029 460 4082 πλείοσιν
485 4026 512 4077 Μ
619 4031 649 4080 10
673 4021 746 4095 ὑμᾶς
769 4025 859 4081 addidi
962 4023 1013 4098 ἐφ’
1038 4023 1144 4085 αὑτοὺσ
1169 4029 1247 4083 UMT
1272 4022 1328 4101 ἀφ’
1348 4028 1479 4091 ἑαυτοὺσ

209 4110 241 4176 Β,
261 4126 330 4165 corr.
349 4111 449 4165 Reiske
521 4113 551 4162 12
568 4112 688 4179 μείζονα
707 4107 825 4167 πάντων
843 4112 872 4165 Μ
927 4111 1047 4170 ἐκείνων
1065 4107 1202 4170 ἀπάντων
1219 4115 1281 4180 (hoc
1299 4114 1372 4182 ord.)
1390 4115 1424 4170 Μ

211 4200 244 4248 14
261 4199 437 4266 φιλονεικίας
455 4195 516 4250 libri
585 4195 709 4270 είπερΙύ
800 4201 828 4250 16
847 4193 948 4254 αύτοῑσ
965 4199 996 4252 Μ
1084 4203 1114 4252 18
1133 4193 1283 4255 ἀνείλεσθε
1303 4203 1479 4270 corruptum,

209 4280 381 4335 scribendum
400 4277 568 4338 διελύσασθε
678 4286 706 4334 21
733 4286 902 4352 φιλοτιμιῶν
925 4283 1000 4348 libri,
1023 4299 1093 4337 corr.
1119 4282 1219 4337 Reiske
1327 4287 1361 4336 22
1386 4279 1479 4357 ἡγού-

207 4367 332 4432 μενοιΤ
436 4364 487 4436 τὴν
504 4361 719 4438 ὑστεροφημίαν
737 4367 854 4422 Cobetus
941 4373 973 4421 ‘25
992 4361 1211 4440 ἀνηιρεῖσθαιΰ
1289 4371 1322 4422 32
1341 4365 1380 4430 τὰ
1400 4366 1478 4429 ἀλλα

209 4447 271 4502 libri
341 4454 373 4506 33
395 4447 645 4520 τίδα1,·ἀ“ν11ΒΤ
