3068 5160
195 319 257 378 274
571 318 695 377 DIONIS
712 320 763 373 AD
781 317 1071 374 ALEXANDRINOS

193 500 314 574 μένους
336 496 392 556 καί
413 497 753 576 καταγιγνώσκοντας,
777 498 831 557 ὅτι
854 492 950 577 δεῦρο
967 491 1140 580 εἰσῆλθον,
1162 474 1185 578 ᾗ
1210 490 1366 568 δικαίως
1382 494 1465 556 ἀπο-

198 594 393 677 λογεῖσθαι·
418 597 634 658 αἰτιάσονται
656 599 730 679 γάρ,
753 595 792 657 εδ
813 595 895 673 ίστε,
917 598 974 658 καί
990 598 1140 682 φήσουσι
1155 592 1361 673 δοξοκόπον
1380 593 1465 658 εἶναι

196 701 253 760 καὶ
274 701 488 778 μαινόμενον,
511 700 606 772 ὅστις
628 700 772 778 ἐμαυτὸν
789 694 874 778 ύχλφ
890 699 946 758 καὶ
961 698 1100 781 θορύβῳ
1123 694 1349 782 παρέβαλον·
1373 699 1465 774 ὅπως

198 799 255 861 σύν
284 801 348 878 ἔχω
378 797 485 882 λέγειν
514 803 567 862 ὅτι
598 801 635 860 ού
665 807 734 861 πᾶν
763 797 901 885 πλῆθος
923 796 1061 880 ἀσελγές
1082 801 1175 861 ἐστιν
1199 796 1282 862 οὐδὲ
1309 800 1464 885 ἀνήκοον,

197 898 273 963 ούδὲ
297 903 367 962 ἀπὸ
392 904 521 976 παντὸς
544 898 601 963 δεῖ
617 903 696 975 τούς
719 898 1012 980 πεπαιδευμένους
1036 903 1180 986 φεύγειν.
1479 915 1489 965 ί

145 1007 185 1066 25
283 1008 493 1089 σαφέστερον
524 992 556 1065 δ’
587 1005 681 1083 ύμῖν,
712 1005 743 1064 εί
770 999 956 1083 βούλεσθε,
991 999 1207 1083 διελεύσομαι
1238 1004 1329 1088 περί
1360 1000 1465 1089 δήμου

198 1107 348 1190 φύσεως,
375 1097 470 1166 τοῦτ’
496 1106 570 1168 ἔστι
593 1107 673 1188 περί
695 1107 787 1183 ὑμῶν
811 1105 929 1166 αὐτῶν.
974 1107 1030 1166 καί
1051 1106 1113 1189 γάρ
1136 1108 1170 1167 έν
1191 1126 1228 1168 τι
1249 1112 1327 1168 τῶν
1348 1109 1465 1192 χρησί-

195 1230 268 1287 μων
291 1209 364 1269 ἐστί
385 1204 587 1286 καὶμᾶλλον
610 1207 650 1268 ἀν
672 1209 756 1285 ύμάς
779 1203 986 1291 ὠφελήσειεν
1008 1208 1027 1290 ἢ
1050 1208 1129 1291 περί
1151 1208 1304 1291 ούρανοῦ
1326 1211 1389 1272 καὶ
1410 1219 1465 1295 γῆς

196 1312 227 1372 εί
251 1307 391 1391 λέγοιμι.
523 1310 611 1393 φημὶ
640 1306 678 1394 δη
710 1305 815 1393 δῆμον
844 1310 990 1370 ἐοικέναι
1014 1305 1162 1388 μάλιστα
1186 1307 1289 1395 ἀνδρὶ
1315 1308 1463 1397 δυνάστῃ

195 1413 252 1473 καί
276 1404 409 1496 σφόδρα
433 1407 569 1494 ἰσχυρῷ,
592 1406 738 1493 μεγάλην
761 1410 836 1471 τινά
859 1407 1016 1485 ἐξουσίαν
1037 1411 1094 1472 καί
1115 1413 1232 1495 ῥώμην
1255 1413 1390 1493 ἔχοντι,
1412 1417 1497 1478 καίύ

194 1515 344 1593 τοσούτῳ
367 1506 497 1591 μείζονι
520 1508 665 1594 δυνάστῃ
688 1513 744 1573 καί
767 1513 904 1595 ἀρχοντι
926 1508 1094 1589 πλεύνων,
1124 1515 1261 1598 ὅσῳπερ
1289 1517 1336 1579 ἀν
1360 1518 1502 1593 αύτδςῶ

143 1595 215 1698 2ύῇ
238 1611 366 1675 πλείων
391 1615 409 1674 ύ
432 1610 537 1698 δῆμος
559 1614 615 1675 καί
638 1610 772 1687 πόλεως
792 1618 1035 1697 γενναιοτέρας.
1073 1616 1207 1678 ἐκείνων
1222 1618 1288 1696 μὲν
1306 1619 1370 1682 σόν
1395 1622 1462 1684 είσι

193 1713 356 1796 βασιλεῖς,
379 1715 459 1777 θεοί
480 1716 540 1777 ἐπὶ
563 1717 714 1799 σωτηρίᾳ
735 1723 831 1799 κοινῇ
852 1719 1041 1797 γεγονότες,
1063 1714 1244 1801 κηδεμόνες
1268 1721 1386 1797 όντως
1408 1725 1460 1787 καί

194 1821 388 1903 προστάται
406 1820 548 1902 χρηστοί
569 1819 625 1880 καί
648 1815 783 1893 δίκαιοι,
811 1824 877 1879 τῶν
899 1820 960 1897 μέν
982 1819 1124 1899 ἀγαθῶν
1146 1821 1302 1884 έκούσιοι
1326 1827 1459 1905 ταμίαι,

193 1927 260 1982 τῶν
284 1917 319 1982 δὲ
340 1917 499 1999 χαλεπῶν
524 1921 678 1993 σπανίως
700 1915 938 1998 μεταδιδόντες
960 1921 1016 1981 καί
1037 1920 1122 1982 κατά
1146 1922 1311 2008 ἀνάγκην,
1342 1929 1494 2010 κόσμηιιί

194 2021 327 2085 πόλεων
349 2019 518 2108 ηδόμενοι.
565 2024 599 2083 οἱ
628 2019 664 2083 δὲ
687 2021 882 2083 τούναντίον
910 2018 1047 2106 σκληροὶ
1067 2024 1123 2084 καί
1145 2023 1260 2107 ἄγριοι
1283 2029 1457 2113 τύραννοι,

190 2122 336 2202 χαλεποί
363 2126 424 2204 μὲν
447 2127 605 2201 ἀκοῦσαι,
633 2120 780 2202 χαλεποί
803 2120 838 2184 δὲ
863 2121 1061 2204 συμβαλεῖν·
1091 2127 1219 2186 τούτων
1241 2131 1262 2211 η
1286 2131 1355 2207 μὲν
1378 2132 1456 2217 δργη

194 2228 281 2310 πρός
304 2228 416 2288 πάντα
439 2229 591 2306 έτοιμος,
617 2226 732 2309 ὥσπερ
755 2225 889 2309 θηρίων
913 2226 1168 2310 ἀνημέρων,τά
1192 2223 1228 2288 δὲ
1252 2226 1329 2292 ὦτα
1354 2234 1456 2313 ἐμπέ-

195 2348 352 2412 φρακται,
377 2329 434 2388 καί
456 2325 608 2411 πάροδος
632 2327 689 2387 ούκ
713 2327 805 2388 ἔστιν
829 2328 878 2401 είς
901 2328 985 2388 αύτά
1009 2324 1122 2409 λόγοις
1143 2330 1347 2410 ἐπιεικέσιν,
1370 2330 1456 2396 ἀλλὰ

143 2430 182 2492 27
194 2425 351 2490 κολακεία
373 2430 429 2489 καί
452 2429 565 2512 ἀπάτη
589 2433 709 2512 κρατεῖ
727 2419 812 2512 παρ’
838 2430 962 2502 αύτοῖς.
1009 2431 1136 2510 ὁμοίως
1159 2427 1195 2492 δὲ
1222 2433 1281 2495 καὶ
1305 2431 1418 2520 δῆμος
1439 2438 1494 2498 dn

192 2536 252 2610 μέν
275 2552 328 2605 τις
350 2531 527 2612 εύγνώμων
548 2531 605 2591 καί
627 2528 739 2614 πρᾷος
761 2531 817 2591 καί
838 2527 981 2614 γαληνὸς
1004 2533 1125 2610 ὅντως,
1158 2531 1230 2607 οἷος
1255 2537 1457 2616 γεύσασθαι

193 2634 387 2718 παρρησίας
408 2633 464 2694 καί
485 2634 529 2717 μη
555 2634 666 2694 πάντα
689 2628 824 2692 ἐθέλειν
847 2640 992 2717 τρυφάν,
1022 2635 1190 2719 ἐπιεικής,
1213 2633 1456 2722 μεγαλόφρων,

194 2733 393 2816 αἰδούμενος
415 2737 494 2809 τούς
516 2735 669 2815 ἀγαθούς
690 2735 747 2795 καί
769 2731 894 2816 ἀνδρας
915 2736 972 2796 καί
995 2731 1122 2815 λόγους,
1149 2741 1222 2810 τοῖς
1245 2738 1454 2802 νουθετοῦσι

191 2840 247 2899 καὶ
271 2835 470 2899 διδάσκουσι
495 2839 594 2920 χάριν
624 2833 740 2910 είδώς·
770 2835 807 2896 δν
830 2836 894 2916 ἐγὼ
918 2837 1043 2920 τίθημι
1064 2846 1123 2922 τῆς
1149 2838 1252 2913 θείας
1272 2841 1331 2903 καί
1351 2841 1454 2921 βασι-

194 2936 285 3023 λικῆς
310 2941 455 3023 φύσεως,
477 2940 534 2999 καί
556 2941 738 3022 προσιέναι
755 2939 843 3022 φημὶ
856 2938 913 2999 καί
929 2934 1151 3020 διαλέγεσθαι
1166 2943 1274 3023 τούτῳ
1292 2947 1454 3028 πρέπειν,
1474 2953 1496 3005 5

191 3040 351 3123 καθάπερ
377 3041 486 3101 ἵππον
508 3044 659 3121 γενναῖον
682 3036 719 3115 ἐξ
739 3040 837 3124 ηνίας
860 3036 1013 3114 εύτελοῦς
1036 3037 1156 3124 πρᾴως
1178 3043 1322 3122 ἀγοντα,
1356 3042 1454 3108 οὐδὲν

141 3141 181 3204 28
193 3139 350 3220 δεόμενον
372 3137 518 3222 ψαλίων.
556 3143 590 3202 οἱ
612 3137 648 3202 δὲ
672 3137 811 3214 πλείους
828 3134 895 3222 [καί
911 3136 955 3223 οἱ]
978 3142 1124 3224 θρασεῖς
1144 3144 1200 3204 καί
1221 3145 1453 3232 ὑπερήφανοι,

193 3239 395 3327 δυσάρεστοι
411 3245 498 3327 πρδς
520 3245 665 3321 ἅπαντα,
688 3243 863 3326 ἁψίκοροι,
886 3246 1061 3326 τυράννοις
1077 3247 1192 3324 ύμοιοι
1205 3246 1262 3307 καί
1278 3245 1371 3310 πολύ
1383 3251 1452 3328 χεί-

191 3359 287 3428 ρους·
305 3344 360 3406 οἷα
377 3341 416 3431 δη
434 3353 493 3431 τῆς
505 3347 622 3420 κακίας
639 3345 748 3406 αὐτῶν
766 3344 868 3428 οδσης
885 3345 922 3405 ού
938 3352 1019 3424 μιάς
1036 3343 1112 3408 ούδὲ
1125 3343 1246 3432 άπλης,
1263 3345 1353 3411 ἀλλά
1371 3367 1452 3432 συμ-

191 3452 431 3532 πεφορημένης
455 3450 491 3509 ἐκ
512 3449 655 3533 μυρίων·
689 3449 775 3509 ὥστε
798 3448 888 3508 πάνυ
911 3443 1067 3509 ποικίλον
1090 3449 1203 3510 τεκαὶ
1226 3445 1339 3513 δεινόν
1364 3451 1494 3516 εἶναιτί

190 3549 325 3633 θηρίον,
351 3549 407 3611 οἷα
431 3552 573 3633 ποιηταί
594 3551 650 3611 καί
673 3545 871 3632 δημιουργοί
893 3545 1083 3610 πλάττουσι
1098 3550 1311 3634 Κενταύρους
1335 3556 1453 3617 τεκαὶ

190 3651 341 3734 Σφίγγας
356 3653 413 3714 καί
426 3653 612 3736 Χιμαίρας,
635 3653 671 3712 έκ
694 3646 926 3712 παντοδαπῶν
951 3652 1085 3734 φύσεων
1109 3643 1182 3733 [εἰς]
1206 3652 1289 3730 μίαν
1310 3660 1452 3743 μορφὴν

191 3749 332 3814 εἰδώλου
368 3750 589 3829 ξυντιθέντες.
641 3751 690 3834 τῴ
724 3749 759 3814 δὲ
789 3753 931 3831 τοιούτῳ
962 3756 1078 3836 τέρατι
1107 3750 1368 3833 ξυμπλέκεσθαι
1395 3760 1453 3821 καί

191 3856 294 3935 ύμόσε
325 3856 412 3917 ίέναι
440 3858 644 3934 μαινομένου
673 3855 766 3927 τινδς
792 3849 933 3937 ἀληθῶς
963 3853 1058 3937 ἔργον
1087 3855 1106 3938 ἢ
1132 3851 1265 3940 σφόδρα
1289 3855 1451 3944 ἀνδρείου

276 4132 393 4208 ιῆρτο
413 4128 473 4208 ij
543 4132 778 4206 3μενόμενονΤ
849 4131 914 4207 ὃδὴ
932 4152 982 4205 pro
1001 4137 1084 4194 δεῑΙΙ
1154 4133 1348 4211 θβούλεσθαι
1366 4142 1398 4197 Μ

190 4222 302 4294 9λέγοι
319 4221 412 4290 μοιΤ
481 4216 513 4291 δη
532 4236 584 4276 om.
601 4223 675 4278 UBT
750 4226 781 4276 10
799 4217 960 4292 μεγάλινῦ
1048 4225 1079 4276 12
1098 4223 1238 4279 πλεῖονΒ
1324 4223 1451 4287 ἐκείνων

189 4301 233 4377 (δ’
257 4307 302 4377 οἳ)
325 4307 378 4376 μέν
401 4305 455 4362 εἰσι
479 4311 607 4376 βασιλεῖς
633 4299 802 4381 <βουλήσει>
824 4309 898 4363 θεοῦ
919 4305 966 4362 ἐπὶ
989 4308 1042 4361 etc.
1147 4311 1179 4361 20
1203 4311 1328 4367 κολακία
1347 4308 1380 4367 M

190 4397 222 4446 25
242 4391 375 4464 προιέναι
393 4391 422 4443 Μ
492 4391 646 4464 τιρὲτιονΤ
734 4397 764 4446 27
785 4393 912 4465 ψελλίων
929 4391 960 4445 Μ
1044 4394 1093 4447 καὶ
1112 4389 1141 4448 οἳ
1158 4391 1256 4448 delevit
1273 4393 1379 4452 Reiske

190 4478 354 4548 δυσάριστοι
379 4476 402 4528 Τ
484 4481 514 4530 31
540 4473 715 4533 πλάττουσιν
733 4477 756 4530 Τ
844 4480 876 4530 32
895 4476 935 4542 εἰς
957 4476 1068 4532 seclusit
1085 4475 1150 4531 Wil.
1238 4481 1272 4532 34
1291 4471 1403 4550 ὀμόσαι
1422 4485 1448 4542 U
