3068 5160
93 331 187 386 XVIII
580 332 871 388 PROLEGOMENA.

95 504 237 569 omnium
269 503 422 570 librorum
455 503 665 588 archetypus3
699 504 774 570 hinc
806 502 928 568 Iactum
957 509 1005 569 est
1032 511 1068 569 ut
1096 505 1131 569 in
1160 505 1372 590 apographis

95 604 233 672 diversis
261 607 341 672 locis
363 607 565 672 insereretur.
610 605 746 671 Multum
768 606 875 672 tribuo
897 607 968 670 loco
990 625 1034 670 or.
1058 605 1104 670 IV
1127 609 1252 688 §31,2
1277 611 1370 685 Διὸς

96 708 225 785 παῖδας
254 709 392 772 ἐκάλουν
422 713 455 771 οἱ
477 707 644 792 πρότερον
666 713 745 785 τούς
774 703 856 795 [τῆς]
879 711 1013 795 ἀγαθῆς
1036 708 1198 785 παιδείας
1222 713 1368 793 ἐπιτυγ-

93 813 268 888 χάνοντας.
314 810 376 875 Hie
404 821 478 897 τῆς,
509 808 642 893 quodP
671 810 804 891 omittit,
834 815 940 894 potest
968 808 1161 892 desiderari,
1191 816 1277 887 τοὺς
1311 832 1369 877 ne-

95 912 271 977 cessarium
294 917 351 977 est.
390 909 512 990 Quodsi
530 909 587 975 VB
609 910 712 976 solum
728 923 787 999 τῆς
801 911 967 996 praebent,
991 911 1107 976 omisso
1122 917 1212 991 τοὺς,
1237 912 1269 978 U
1287 933 1369 980 vero

95 1017 174 1089 τοὺς
198 1014 233 1078 δὲ
256 1025 331 1102 τῆς,
360 1014 465 1095 magis
493 1011 661 1096 probabile
686 1019 734 1078 est
756 1013 947 1079 Urbinatem
972 1018 1051 1090 τοὺς
1074 1013 1109 1076 dt
1132 1014 1368 1101 interpolasse,

95 1119 130 1178 ut
145 1117 324 1181 sententiae
336 1115 525 1198 mederetur,
542 1135 639 1199 quam
651 1114 861 1199 archetypum
874 1114 993 1180 codicis
1006 1113 1041 1196 B,
1054 1113 1207 1180 Vaticani
1220 1120 1367 1183 auetori-

94 1220 162 1282 tate
185 1217 331 1301 ductum,
362 1219 509 1283 omisisse
532 1217 618 1301 quod
640 1219 875 1299 necessarium,
904 1216 1075 1282 retinuisse
1098 1215 1185 1299 quod
1206 1218 1282 1284 siue
1307 1220 1368 1286 illo

95 1336 242 1383 mancum
259 1325 337 1384 erat.
370 1319 463 1384 Unus
477 1324 578 1384 restat
592 1319 682 1385 locus
698 1339 793 1404 quem
808 1320 949 1384 omnium
965 1317 1192 1400 gravissimum
1207 1317 1365 1388 dixerIm.

95 1419 179 1484 Nam
202 1440 274 1485 cum
296 1441 341 1484 or.
358 1420 403 1485 IV
419 1425 437 1497 ς
456 1426 504 1502 17,
522 1425 541 1484 2
557 1420 586 1485 V
609 1427 640 1487 et
655 1422 681 1486 P
696 1423 717 1486 i.
734 1441 762 1487 e.
779 1422 962 1504 gravissimi
977 1424 1075 1486 testes
1091 1421 1187 1484 εἶπεν
1202 1420 1364 1507 habeant,

95 1520 155 1585 hoc
178 1522 294 1586 omittit
316 1522 352 1602 B,
376 1525 440 1609 ἔφη
465 1522 630 1588 substituit
651 1523 691 1589 U.
735 1523 993 1589 Consentaneum
1015 1527 1064 1588 est
1086 1541 1152 1586 una
1175 1522 1364 1609 eademque

96 1641 195 1687 causa
218 1642 288 1688 esse
309 1622 440 1706 Iactum,
464 1630 500 1690 ut
521 1625 674 1690 librorum
697 1626 860 1691 artissima
882 1624 1119 1691 necessitudine
1134 1622 1364 1692 devinctorum

96 1724 177 1790 alter
207 1726 367 1791 omitteret
395 1727 586 1792 vocabulum
614 1727 697 1793 alter
726 1747 940 1812 synonymum
962 1726 1123 1791 inlocum
1146 1727 1217 1792 eius
1239 1728 1363 1796 substi-

94 1833 208 1892 tueret.
259 1826 422 1894 Videlicet
450 1830 485 1894 in
514 1831 673 1895 communi
703 1830 849 1896 codicum
877 1829 935 1897 UB
964 1828 1141 1913 archetypo
1172 1831 1271 1896 εἶπεν
1304 1851 1362 1899 ex·

95 1929 229 1994 oiderat.

181 2032 300 2110 Qualia
331 2054 371 2100 ex
404 2034 518 2118 primis
549 2054 608 2100 sex
641 2035 841 2102 orationibus
875 2034 1026 2118 proposui
1056 2052 1186 2116 possum
1215 2054 1259 2101 ex
1290 2044 1360 2104 toto

94 2134 200 2200 Dione
227 2136 395 2217 colligere,
426 2136 484 2202 sed
512 2156 625 2202 vereor
652 2156 693 2202 ne
722 2137 787 2201 iam
816 2137 933 2218 longus
960 2133 1075 2198 furemm
1103 2133 1140 2197 in
1164 2156 1200 2201 re
1222 2139 1361 2206 minime

95 2236 241 2302 obscura.
284 2237 343 2302 Est
364 2239 450 2302 euim
472 2257 514 2303 ex
537 2238 615 2303 artis
638 2243 767 2302 nostrae
789 2237 917 2319 legibus
938 2257 1020 2320 una,
1050 2237 1283 2320 simpliciorem
1302 2261 1360 2307 ex-

94 2337 239 2422 plicandi
261 2339 419 2404 rationem
441 2339 546 2404 minus
568 2339 708 2423 simplici
730 2359 857 2423 semper
877 2338 1034 2423 praesen-i
1056 2339 1181 2424 debere,
1208 2341 1239 2406 si
1262 2343 1360 2410 modo

94 2441 142 2506 rei
164 2440 352 2508 satisfaciat.
395 2441 495 2524 Atqui
516 2447 585 2506 tota
607 2439 727 2507 codicis
748 2441 775 2505 B
797 2441 923 2506 indoles
946 2441 1103 2525 eprIcari
1125 2448 1241 2526 potest,
1266 2447 1362 2513 nulla

95 2543 282 2608 correctoris
306 2544 440 2624 sagacia
468 2542 511 2607 ad
540 2542 767 2627 explicandum
794 2543 877 2609 licta.
921 2543 1012 2608 Nihil
1034 2544 1120 2609 enim
1140 2544 1241 2611 habet
1263 2547 1299 2612 in
1323 2568 1360 2614 se

95 2644 188 2710 mixti
217 2665 322 2729 neque
349 2646 378 2712 is
407 2651 455 2712 est
483 2646 539 2728 qui
568 2645 696 2711 diversa
722 2645 922 2712 diversarum
950 2645 1146 2710 familiarum
1174 2647 1257 2714 vitia
1281 2668 1360 2714 cou-

95 2748 206 2813 iuncta
219 2746 352 2832 prodat3
369 2767 434 2832 qua
449 2748 519 2813 sola
533 2766 568 2813 re
584 2748 701 2812 mixtos
717 2767 788 2813 esse
804 2747 930 2813 codices
943 2745 1220 2831 deprehendimus.
1243 2749 1361 2817 Pauca

95 2849 225 2932 quidem
253 2870 294 2915 ex
323 2850 448 2914 familia
470 2849 495 2913 P
525 2849 559 2913 in
581 2849 608 2912 Β
637 2848 690 2913 hio
712 2849 781 2914 illic
802 2849 896 2914 illata
918 2869 1075 2914 essenon
1097 2850 1304 2933 negaverim:
1329 2853 1359 2920 is

94 2970 170 3016 vero
199 2971 373 3017 consensus
402 2970 465 3034 quo
494 2969 566 3015 cum
589 2949 652 3014 VM
681 2950 869 3016 coniunctus
895 2957 944 3016 est
965 2951 1027 3016 hac
1048 2953 1173 3017 ratione
1196 2953 1360 3036 explicari

94 3073 158 3116 non
186 3058 301 3136 potest.
345 3050 481 3116 Accedit
510 3050 596 3135 quod
624 3071 730 3136 neque
752 3053 1015 3118 Meermanuiano
1045 3059 1203 3120 corrector
1228 3054 1287 3120 ille
1308 3056 1359 3121 uti

94 3159 235 3236 poterat,
265 3155 322 3238 qui
343 3154 443 3218 multo
465 3153 624 3218 recentior
646 3159 711 3236 est,
735 3173 841 3236 neque
864 3154 1037 3237 Vaticano,
1067 3175 1139 3220 oum
1161 3156 1203 3221 iis
1225 3177 1359 3241 quoque

94 3256 173 3320 locis
202 3275 313 3320 verum
336 3275 566 3338 nonnunquam
587 3253 717 3339 prodat,
741 3255 798 3321 ubi
819 3256 848 3321 V
870 3258 1002 3341 propria
1024 3258 1206 3342 corruptela
1227 3257 1358 3325 laborat

94 3357 136 3422 ab
158 3356 326 3423 Urbinatis
349 3356 489 3422 diversa.
525 3357 640 3442 Neque
662 3356 696 3422 id
718 3358 956 3440 neglegendum
979 3366 1027 3426 est
1049 3359 1135 3443 quod
1153 3359 1180 3424 Β
1202 3359 1357 3426 lacunam

94 3460 184 3526 illam
212 3460 247 3524 in
277 3465 357 3524 orat.
379 3459 498 3525 XXXI
521 3458 712 3538 (Rhodiaca)
741 3459 940 3543 nonhabet,
971 3467 1079 3527 cetera
1100 3462 1292 3546 apographa
1314 3462 1358 3529 ad

93 3583 193 3628 unum
221 3563 330 3628 omnia
356 3568 430 3647 post
460 3562 681 3646 quaternionis
709 3563 798 3628 illius
826 3562 983 3628 iacturam
1013 3563 1101 3628 facta
1133 3569 1218 3628 sunt.
1263 3563 1358 3630 Unus

40 3661 41 3666 ’
94 3671 219 3730 tantum
241 3665 324 3731 liber
346 3670 462 3745 exstat,
486 3662 606 3728 codicis
629 3662 655 3727 B
678 3664 870 3730 simillimus.

42 3766 70 3832 E
177 3767 417 3832 Laurentianus
433 3768 483 3847 81,
497 3770 516 3828 2
533 3768 640 3848 (quem
656 3765 748 3848 Emp.
764 3764 865 3848 praef.
882 3770 900 3842 ξ
916 3769 956 3831 20
973 3785 1079 3830 errore
1095 3768 1145 3850 80,
1162 3771 1182 3831 2
1197 3769 1358 3848 nominat)

94 3869 206 3952 chart,
229 3869 320 3935 form.
345 3873 373 3949 4,
396 3886 480 3932 saec.
491 3866 581 3931 XIV.
606 3866 721 3932 (letera
736 3866 811 3932 vide
827 3866 915 3951 apud
930 3868 1114 3950 Emporium
1128 3867 1150 3932 l.
1165 3868 1187 3933 l.
1205 3867 1358 3934 Continet

93 3991 178 4037 nune
201 3991 310 4036 omnes
339 3970 517 4050 orationes,
546 3968 604 4034 sed
627 3990 671 4033 or.
694 3970 728 4034 II
750 3975 782 4034 et
804 3970 854 4034 III
876 3989 948 4034 cum
971 3970 1005 4034 in
1028 3969 1139 4034 codice
1161 3969 1313 4036 deessent
1336 3991 1357 4036 a

93 4094 190 4140 manu
213 4073 390 4140 recentiore
413 4091 497 4137 saec.
513 4071 577 4136 XV
599 4072 768 4156 suppletae
790 4078 873 4138 sunt.
908 4071 970 4136 Hic
989 4071 1070 4137 liber
1085 4091 1106 4135 a
1121 4070 1261 4154 Georgio
1278 4093 1357 4156 quo·

94 4175 169 4240 dam
197 4175 318 4259 scriba,
349 4180 385 4240 ut
415 4180 551 4240 testatur
579 4174 761 4258 inscriptio,
792 4179 943 4256 exarata,
973 4174 1008 4236 ni
1036 4172 1132 4237 fallor
1156 4173 1356 4238 ParisinoB

95 4279 258 4361 antiquior
286 4284 344 4344 est.
394 4277 473 4343 Cum
502 4277 672 4361 Emporius
700 4277 796 4342 unius
824 4276 978 4340 orationis
1006 4275 1120 4340 XVIII
1149 4275 1356 4340 collationem

94 4378 236 4463 haberet,
260 4400 281 4444 a
302 4381 451 4465 Kaysero
473 4379 607 4462 factam,
631 4379 701 4463 ipse
723 4384 775 4444 sat
796 4397 949 4460 maguam
971 4376 1066 4442 huius
1089 4376 1209 4443 codicis
1229 4384 1356 4460 partem

96 4481 226 4563 contuli,
242 4487 278 4546 ut
292 4502 357 4566 qua
368 4482 494 4548 ratione
509 4501 581 4547 cum
596 4481 623 4545 B
639 4480 825 4546 cohaereret
836 4479 1061 4563 perspicerem.
1085 4480 1168 4544 Nam
1181 4478 1356 4543 cohaerere
