3068 5160
239 311 299 372 132
709 312 832 367 1³10le
851 312 1016 368 TROIANA

236 487 272 550 δέ
306 491 363 550 τόν
389 480 607 572 Ἁλέξανδρον
638 489 776 567 έμίσουν
806 489 969 563 ἅπαντες,
1007 489 1106 561 αὐτὸς
1136 489 1275 562 ἕκαστος
1305 489 1489 572 ῆγούμενος

236 592 440 676 ἀφηρῆσδαι
463 597 524 651 τοῦ
544 592 660 670 γάμου.
701 591 787 650 οὕτω
812 586 847 650 δέ
864 599 923 673 τῆς
940 591 1117 674 στρατείας
1133 594 1321 673 γενομένης,
1347 594 1489 671 πέμψας
1502 604 1534 654 (ιε

237 695 255 753 δ
274 685 489 774 Ἀγαμέμνων
512 688 637 773 ἀπῄτει
660 693 719 776 τῆν
738 681 883 774 Ἑλένην·
909 689 1091 775 προσήκειν
1114 691 1175 774 γάρ
1200 692 1302 776 αὐτην
1317 683 1489 776 Ἑλληνίδα

183 793 224 854 65
237 794 339 856 οόσαν
374 793 571 878 γαμηθῆναί
605 813 672 853 τινι
708 799 774 853 τῶν
800 784 970 877 Ἑλλήνων.
1022 800 1126 853 ταῦτα
1157 789 1192 853 δέ
1223 794 1430 868 άκοόσαντες
1460 798 1491 856 οἱ

239 900 351 980 Τρῶες
381 897 585 980 ἠγανάκτουν
611 896 667 956 καὶ
690 896 708 954 ό
730 895 888 978 Πρίαμος
910 897 965 956 καί
988 896 1125 955 πάντων
1147 891 1297 973 μάλιστα
1321 888 1489 980 όἝκτευρ,
1508 905 1519 954 5

235 1001 287 1058 ότι
317 1000 406 1079 νόμῳ
439 1004 500 1057 τοῦ
517 988 736 1079 Ἀλεξάνδρου
768 992 929 1077 λαβόντος
960 997 1053 1079 παρά
1083 1003 1144 1056 τοῦ
1172 1000 1318 1080 πατρός,
1350 1000 1408 1059 καί
1434 1006 1490 1082 τῆς

231 1090 360 1182 Ἑλένης
388 1095 595 1182 βουλομένης
627 1098 740 1178 ἐκείνην
776 1103 956 1174 συνοικεῖν,
992 1099 1027 1158 οἱ
1063 1094 1098 1158 δὲ
1134 1099 1240 1174 οὕτως
1270 1100 1490 1178 ἀναίσχυντον

235 1196 385 1279 ἐτόλμων
409 1197 514 1281 λέγειν
539 1197 651 1281 λόγον·
676 1201 731 1261 καί
754 1200 887 1283 ἔφασαν
909 1202 1104 1281 γιγνώσκειν
1124 1203 1177 1262 ότι
1191 1196 1322 1285 ζητοῖεν
1339 1199 1490 1281 πολέμου

237 1305 428 1386 πρόφασιν·
459 1303 555 1363 αὐτοὶ
578 1299 613 1363 δὲ
636 1304 680 1386 μῆ
706 1303 819 1385 άρχειν
843 1299 1009 1381 πολέμου,
1038 1304 1209 1385 κρείττους
1232 1304 1341 1380 όντες,
1373 1305 1490 1383 ἀμόνε-

237 1404 325 1464 σδαι
355 1401 390 1464 δέ
421 1406 685 1487 ἐπιχειροῦντας.
802 1405 857 1465 καὶ
887 1400 943 1464 διά
979 1411 1084 1463 ταῦτα
1113 1405 1280 1483 ὑπέμενον
1311 1407 1346 1466 οἱ
1379 1409 1490 1490 Τρῶες
1509 1413 1531 1464 11

234 1502 341 1566 πολδν
361 1508 481 1589 χρόνον
505 1502 755 1584 πολεμούμενοι
776 1501 957 1566 καὶπολλὰ
975 1506 1172 1582 πάσχοντες,
1197 1506 1255 1584 οὐχ
1270 1498 1490 1592 όσαὍμηρός

236 1624 349 1691 φησιν,
376 1609 466 1686 ὅμως
491 1605 525 1668 δὲ
548 1609 685 1693 καὶτῆς
708 1616 767 1693 γῆς
790 1607 898 1667 αὐτῶν
924 1606 1155 1690 φθειρομένης
1177 1608 1233 1668 καί
1249 1604 1388 1669 πολλῶν
1405 1610 1488 1670 ἀπο-

233 1709 451 1791 θνῃσκόντων
478 1710 693 1793 ἀνθρώπων,
724 1711 776 1770 ότι
799 1708 988 1792 ῆπίσταντο
1013 1704 1212 1781 ἀδικοῦντας
1234 1711 1314 1783 τοδς
1334 1701 1489 1789 Ἀχαιούς

181 1805 288 1871 66καί
318 1813 376 1872 τόν
396 1802 616 1896 Ἀλέξανδρον
648 1812 751 1872 οὐδέν
781 1812 911 1870 ἀτοπον
936 1806 1121 1893 πράξαντα.
1167 1810 1198 1870 εί
1222 1807 1257 1871 δέ
1280 1813 1343 1896 μῆ,
1375 1814 1429 1886 τίς
1451 1814 1488 1873 ἀν

234 1918 390 1998 ῆνέσχετο
408 1916 550 1999 αὐτῶνῆ
570 1921 636 1975 τῶν
660 1909 851 1996 ἀδελφῶνῆ
878 1912 896 1970 δ
920 1912 1031 1995 πατὴρ
1051 1905 1095 1995 [ἢ]
1114 1917 1180 1972 τῶν
1203 1908 1314 1975 ἀλλων
1339 1910 1489 1976 πολιτῶν
1509 1922 1531 1974 11

235 2012 476 2095 ἀπολλυμένων
505 2017 562 2077 καὶ
590 2019 704 2100 πάσης
732 2010 988 2096 κινδυνευούσης
1018 2014 1208 2075 ἀναστάτου
1238 2015 1404 2094 γενέσθαι
1433 2024 1489 2101 τῆς

235 2114 368 2191 πόλεως
392 2115 447 2179 διά
471 2120 529 2203 τῆν
552 2119 678 2179 ἐκείνου
704 2115 936 2199 παρανομίαν,
964 2111 1039 2190 έξόν
1063 2112 1257 2190 ἀποδόντας
1280 2119 1340 2202 την
1360 2108 1488 2202 Ἑλένην

235 2226 345 2280 σῶσαι
369 2221 509 2293 αὐτούς,
533 2221 567 2279 οἱ
590 2216 624 2279 δέ
647 2221 703 2280 καὶ
725 2221 874 2301 ὕστερον,
900 2217 945 2290 ὥς
969 2234 1084 2300 φασιν,
1105 2209 1326 2302 Ἀλεξάνδρου
1351 2220 1488 2304 ἀποδα-

234 2324 359 2396 νόντος,
376 2325 528 2398 κατεῖχον
546 2321 648 2404 αότῆν
663 2322 719 2380 καί
734 2320 902 2404 Δηιφόβῳ
922 2311 1111 2399 συνιβκιζον,
1129 2321 1175 2394 ὡς
1185 2324 1346 2401 μέγιστον
1357 2322 1488 2402 ἀγαθόν

182 2416 365 2500 δλέχοντες
388 2425 422 2482 έν
446 2430 486 2505 τῆ
510 2418 610 2481 πόλει
631 2422 687 2482 καί
711 2422 918 2504 φοβούμενοι
939 2423 983 2505 μῆ
1008 2417 1193 2483 καταλίποι
1209 2423 1340 2497 αὐτούς.
1378 2426 1490 2486 καίτοι
1509 2434 1533 2485 w

233 2526 263 2585 εἰ
299 2527 464 2607 πρότερον
501 2525 613 2607 έρῶσα
648 2529 709 2582 τοῦ
733 2513 952 2605 Ἀλεξάνδρου
983 2523 1113 2601 έμενεν,
1149 2529 1224 2598 πῶς
1251 2525 1303 2586 έτι
1332 2523 1489 2606 έβοόλετο

232 2630 353 2704 μένειν,
378 2627 409 2686 εί
431 2627 474 2710 μῆ
499 2626 555 2686 καί
577 2624 757 2708 Δηιφόβου
783 2623 884 2706 αδτῆν
907 2624 1098 2708 ἐρασθῆναι
1122 2621 1293 2706 λέγουσιν,·
1315 2628 1407 2701 εἰκός
1429 2629 1488 2711 γάρ

231 2723 270 2810 ῆν
302 2733 423 2789 πεῖσαι
451 2729 530 2801 τοὺς
556 2730 690 2809 Τρῶας,
721 2722 911 2785 ἀποδοῦναι
935 2720 1035 2808 αὐτὴν
1059 2727 1215 2805 έτοίμους
1245 2730 1355 2803 όντας.
1402 2732 1433 2792 εἰ
1456 2727 1489 2791 δέ

232 2831 391 2913 ἐφοβεῖτο
422 2831 500 2902 τούς
520 2821 696 2907 Ἀχαιούς,
728 2823 899 2900 διαλύσεις
931 2830 1097 2910 πρότερον
1121 2829 1286 2912 εὑρέσθαι
1304 2839 1406 2916 χρῆν·
1436 2833 1490 2893 καὶ

231 2931 292 3013 γάρ
323 2933 446 2992 ε’κεῖνοι
476 2932 659 3013 ἀγαπητῶς
689 2930 729 2989 ἀν
759 2925 1003 3012 ἀπηλλάγησαν
1031 2935 1093 2988 τοῦ
1120 2927 1287 3009 πολέμου,
1318 2929 1533 2995 πλείστιονῖέ

230 3034 286 3093 καὶ
301 3034 448 3115 ἀρίστων
464 3033 687 3116 τεθνηκότων.
723 3020 837 3109 (ἀλλ’)
861 3030 898 3089 οὐ
915 3030 976 3112 γάρ
993 3025 1032 3113 ἦν
1049 3027 1178 3114 ἀληθές
1200 3034 1238 3092 τδ
1255 3041 1315 3118 τῆς
1331 3035 1487 3122 ἁρπαγῆς

232 3131 307 3194 οὐδὲ
332 3138 501 3217 παρέσχον
526 3135 638 3194 αἰτίαν
661 3139 722 3192 τοο
744 3127 894 3209 πολέμου
913 3133 946 3191 οί
965 3134 1087 3214 Τρῶες,
1111 3132 1194 3193 ὅθεν
1210 3130 1388 3212 εὐέλπιδες
1403 3134 1487 3222 ἦσαν

232 3236 483 3319 περιγενέσθαι.
520 3237 553 3295 οἱ
575 3235 636 3317 γάρ
661 3234 855 3316 ἅνθρωποι,
879 3233 913 3292 έν
936 3232 987 3305 οίς
1003 3233 1043 3293 άν
1060 3230 1253 3312 ἀδικῶνται,
1276 3242 1376 3322 μέχρι
1391 3242 1487 3319 έσχά-

179 3330 220 3393 68
231 3357 289 3397 του
312 3338 540 3416 ὑπομένουσιν
564 3338 777 3415 ἀμυνόμενοι.
877 3341 981 3394 ταῦτα
1004 3336 1064 3412 μέν
1088 3335 1146 3397 οὖν
1167 3338 1212 3422 μῆ
1238 3335 1352 3414 άλλως
1375 3335 1487 3420 νόμιζε

232 3440 431 3525 πραχθῆναι
452 3440 471 3523 ἢ
497 3441 543 3512 ὡς
566 3439 629 3519 ε’γά
655 3434 748 3518 λέγω.
792 3433 879 3496 πολδ
902 3437 964 3519 γάρ
989 3439 1191 3522 πιστότερον
1215 3442 1333 3502 έκόντα
1360 3439 1486 3502 Τυνδά-
1506 3449 1532 3500 30

231 3561 316 3624 ρεων
338 3538 499 3625 κηδεῦσαι
521 3544 593 3613 τοῖς
616 3536 794 3619 βασιλεῦσι
817 3546 876 3622 τῆς
896 3529 1022 3613 Ἀσίας,
1045 3540 1101 3600 καί
1124 3537 1301 3604 Μενέλαον
1324 3551 1384 3628 τῆς
1409 3565 1489 3627 μνη-

234 3644 347 3717 στείας
370 3639 608 3704 ἀπελπίσαντα
632 3642 763 3724 βαρέως
785 3642 937 3720 ἐνεγκεῖν,
960 3641 1016 3701 καὶ
1033 3631 1262 3721 Ἀγαμέμνονα
1288 3645 1490 3731 φοβηθῆναι

319 3873 590 3946 2στρατιάσΠΒΜ
696 3879 874 3947 3προσῆκεν
894 3873 947 3927 UM
965 3877 1094 3946 προσῆκε
1113 3873 1159 3927 ΒΤ
1247 3877 1421 3932 4τιναΒλ

234 3956 348 4028 ὃνόμοι
366 3965 445 4020 (corr.
465 3961 557 4020 ex-ov)
576 3958 600 4012 U
681 3962 695 4010 8
714 3950 864 4029 γινώσκειν
882 3958 905 4012 Τ
987 3962 1002 4011 9
1018 3951 1189 4026 ἀμυνεῖσθαι
1207 3959 1271 4014 Wil.
1291 3960 1422 4016 dubitans

236 4050 265 4101 13
284 4040 449 4118 ἀνθρώπων
467 4045 559 4097 om.V
618 4047 647 4095 15
667 4036 796 4100 av'tva
848 4039 967 4114 &delevi
1032 4047 1061 4096 16
1080 4037 1286 4114 ἀπολλυμένων
1304 4044 1416 4103 πάντεσ
1434 4042 1490 4119 γὰρ

232 4132 308 4199 libri,
333 4145 401 4184 corr.
422 4129 500 4195 Emp.
563 4132 594 4180 20
607 4133 669 4196 post
688 4124 790 4194 αὖτοὺς
810 4128 879 4181 lianc
897 4128 954 4182 fere
973 4129 1134 4182 sententiam
1153 4129 1286 4184 excidisse
1304 4136 1386 4199 puto:
1405 4127 1438 4203 (ἢ
1455 4136 1490 4202 τῇ

229 4213 324 4285 Ἑλένη
345 4217 515 4287 χαρίζεσθαι
545 4209 698 4281 νομιστέον
727 4207 862 4281 αὐτόνςι)
951 4216 983 4266 24
1008 4203 1147 4285 εῖρασθαι
1170 4215 1195 4269 V
1221 4208 1365 4285 εδράσθαι
1389 4215 1420 4270 Μ

234 4293 427 4371 16ἀλλ’μδά.
447 4297 544 4365 Pflugk
615 4301 646 4351 28
665 4297 767 4367 μέχρισ
785 4297 846 4349 libri
917 4301 947 4350 29
967 4287 1130 4353 οάνοω.Τ
1209 4303 1242 4352 30
1261 4291 1409 4372 τυνδάρειυ
1428 4301 1490 4356 libri

235 4386 338 4449 praeter
356 4384 379 4435 T
467 4388 497 4437 31
518 4392 583 4438 τοῖσ
601 4398 653 4436 om.
672 4381 702 4434 M
790 4378 929 4456 Μενελάῳ
952 4385 1005 4453 τῆσ
1027 4386 1182 4453 μνηστείασ
1206 4377 1400 4442 άπελπίσαντι
1418 4385 1491 4450 libri,

234 4470 339 4534 praeter
358 4467 380 4518 T
450 4472 482 4520 32
500 4471 548 4522 καί
567 4484 617 4521 om.
638 4467 687 4522 UT
757 4458 950 4536 Ἀγαμέμνονά
970 4487 1001 4524 τε
1019 4467 1042 4520 Τ
