3068 5160
179 337 241 398 272
550 337 672 393 DIONIS
693 337 744 390 Ab
763 336 1053 392 ALEXANDRINOS

178 514 266 577 εἶναί
292 535 380 598 φημι
402 520 469 575 τῶν
493 511 684 592 δυναμένων
708 510 764 574 διά
788 513 935 587 πειθοῦς
957 515 1013 575 καί
1029 507 1127 594 λόγου
1144 513 1257 594 ψυχάς
1274 499 1450 596 πραΰνειν

177 618 234 678 καί
261 612 453 695 μαλάττειν.
500 613 593 676 οότοι
624 611 659 676 δέ
692 618 840 698 σωτῆρές
867 618 934 676 είσι
956 617 1012 676 καί
1036 611 1181 699 φύλακες
1203 622 1273 676 τῶν
1300 615 1392 676 οἴων
1415 636 1451 678 τε

181 713 364 794 σώζεσθαι,
390 719 469 800 πρίν
492 713 608 778 ἐλθεῖν
632 718 681 790 είς
703 713 799 790 τέλος
822 718 881 800 τὴν
905 719 1071 800 πονηρίαν
1094 716 1262 801 εἴργοντες
1284 718 1350 779 καί
1372 737 1452 778 κατ-

180 825 318 899 έχοντες.
372 816 428 880 δεῖ
456 820 516 897 μὲν
547 819 603 879 οὖν
631 822 795 901 ἑκατέρων
823 822 899 891 ταῖς
928 812 1066 895 πόλεσι,
1108 817 1195 881 πολδ
1227 816 1263 882 δέ
1296 821 1452 882 ἐπιεικε·

181 926 307 1005 στέρων
330 927 396 981 τῶν
419 922 454 982 έν
473 925 548 994 ταῖς
571 918 751 997 ἐξουσίαις.
789 914 941 995 κολάζειν
963 923 1024 999 μέν
1046 922 1108 1004 γάρ
1133 923 1302 1006 προσήκει
1330 917 1477 1006 φειδόί

178 1043 288 1103 μενον,
314 1019 485 1084 διδάσκειν
503 1019 537 1083 δέ
553 1025 597 1108 μη
617 1018 834 1108 φειδόμενον·
858 1024 914 1083 καί
926 1030 1076 1106 χρηστοῦ
1088 1027 1150 1102 μέν
1165 1025 1258 1084 ἐστιν
1275 1020 1451 1105 ἡγεμόνος

181 1127 366 1209 συγγνώμη,
391 1121 585 1209 φιλοσόφου
610 1122 645 1186 δέ
668 1132 772 1185 κακοῦ
792 1127 836 1210 μη
862 1127 982 1208 πικρόν
1006 1123 1103 1186 εἶναι.
1149 1127 1186 1186 τδ
1208 1127 1271 1204 μέν
1296 1125 1365 1207 γάρ
1391 1133 1452 1210 τῆς

179 1228 345 1310 τιμωρίας
376 1222 517 1311 σκληρόν
544 1219 729 1303 ἀπόλλυσι,
760 1228 798 1288 τὸ
824 1224 859 1288 δέ
883 1234 944 1287 τοῦ
967 1223 1065 1307 λόγου
1089 1228 1210 1310 πικρδν
1236 1220 1363 1307 σῴζειν
1390 1230 1450 1288 πέ-

129 1333 272 1413 19φυκε.
360 1324 544 1389 κινδυνεύει
566 1331 683 1407 μέντοι
706 1325 815 1412 πολλή
839 1350 891 1403 τις
914 1328 1002 1391 εἶναι
1026 1331 1151 1403 σπάνις
1173 1329 1251 1407 ὑμῖν
1274 1335 1349 1390 τῶν
1371 1323 1452 1412 (vd)

179 1432 319 1513 ὕστερον
353 1431 599 1509 ἐπισταμένων.
653 1430 728 1491 οὔτε
761 1431 823 1513 γάρ
855 1433 1009 1515 χρήματα
1041 1432 1156 1504 αὐτοῖς
1186 1430 1261 1492 οὔτε
1299 1427 1449 1510 δύναμις
1470 1442 1491 1492 ιν

180 1533 409 1614 περιγίγνεται
434 1528 489 1592 διὰ
513 1534 651 1608 τούτου,
682 1524 759 1592 ἀλλ’
785 1533 955 1612 ἀπέχθεια
978 1529 1104 1612 μᾶλλον
1125 1533 1182 1594 καί
1205 1527 1367 1617 λοιδορία
1392 1533 1450 1594 καί

180 1629 480 1716 προπηλακισμός·
506 1631 551 1694 ὥν
576 1631 659 1708 ἴσως
683 1635 740 1695 οὐκ
763 1631 833 1696 ἔδει
858 1630 1058 1719 φροντίζειν·
1096 1641 1275 1717 τοιγαροῦν
1301 1631 1363 1697 διά
1387 1636 1448 1720 την

179 1735 314 1795 ἐκείνων
342 1736 554 1818 ἀναχώρησιν
583 1737 639 1797 καί
670 1738 803 1821 σιωπὴν
832 1733 953 1820 ἐρίδων
975 1739 1053 1816 ὑμῖν
1078 1738 1200 1821 φύεται
1223 1731 1369 1820 πλῆθος
1392 1737 1449 1800 καί

179 1833 280 1897 δικῶν
313 1839 369 1898 καί
402 1837 463 1922 βοή
499 1842 636 1921 τραχεῖα
668 1839 725 1900 καί
765 1835 911 1920 γλῶτται
950 1837 1112 1922 βλαβεραὶ
1147 1839 1204 1899 καί
1245 1834 1447 1916 ἀκόλαστοι,

177 1959 373 2023 κατηγρνι,
405 1943 706 2025 συκοφαντήματα,
736 1943 876 2025 γραφαί,
899 1943 1051 2026 ῥητόρων
1075 1938 1181 2020 ὄχλος,
1204 1940 1372 2024 καθάπερ
1398 1938 1446 2002 σί·
1466 1952 1489 2004 15
1532 1961 1534 1972 ¹

178 2062 241 2120 μαι
265 2033 311 2103 δι’
329 2039 460 2104 ἔνδειαν
477 2044 635 2127 ίατρῶνῆ
661 2035 737 2126 [δι’]
761 2044 921 2126 ἀπειρίαν
939 2040 1077 2118 πλείους
1096 2045 1130 2104 οί
1152 2043 1355 2117 θάπτοντες
1379 2044 1446 2125 γίγ-

180 2163 305 2204 νονται.

135 2269 175 2328 20
271 2263 477 2324 καὶτούτων
500 2265 535 2324 ἐν
558 2265 642 2346 ἀρχῇ
663 2264 723 2342 μὲν
745 2255 938 2347 ᾐτιασάμην
960 2266 1039 2337 τούς
1058 2265 1102 2349 μὴ
1128 2265 1320 2346 παριόντας
1337 2266 1389 2340 εἰς
1412 2267 1448 2327 τό

188 2360 325 2448 πλῆθος
347 2361 431 2448 μηδὲ
455 2361 649 2442 τολμῶντας
671 2367 748 2443 ὑμῖν
765 2361 997 2445 διαλέγεσθαι,
1020 2362 1105 2426 ἀλλὰ
1123 2367 1264 2444 σεμνοδς
1278 2367 1344 2445 μέν
1360 2365 1451 2429 εἶναι

181 2462 421 2546 βουλομένους,
451 2462 639 2550 ἀνωφελεῖς
675 2457 706 2527 δ’
739 2467 929 2550 ὁρωμένους
953 2468 1009 2529 καί
1032 2469 1170 2546 ὁμοίους
1192 2471 1267 2540 τοῖς
1289 2468 1506 2549 ἀγεννέσινί

180 2574 248 2629 τῶν
272 2564 442 2652 ἀθλητῶν,
467 2569 502 2629 οί
523 2568 583 2642 τάς
608 2564 822 2653 παλαίστρας
844 2565 1019 2646 ἐνοχλοῦσι
1040 2572 1097 2632 καί
1119 2569 1160 2630 τά
1181 2571 1355 2650 γυμνάσια
1375 2592 1448 2651 χει·

182 2677 404 2754 ρονομοῦντες
425 2672 482 2733 καί
498 2667 713 2744 παλαίοντες,
737 2669 787 2742 εἰς
803 2659 833 2729 δ’
852 2671 890 2729 τδ
912 2667 1051 2732 στάδιον
1069 2672 1126 2732 οὐκ
1141 2668 1324 2734 ἐθέλουσιν
1341 2673 1445 2749 ἰέναι,

182 2775 241 2834 τόν
263 2769 359 2857 ἥλιον
381 2772 520 2845 καὶτὰς
544 2768 675 2854 πληγὰς
697 2771 923 2855 ὑφορώμενοι.
961 2776 999 2834 τδ
1022 2778 1139 2853 μέντοι
1163 2781 1299 2854 πρᾶγμα
1321 2769 1442 2852 δυσχε-

181 2877 237 2956 ρὲς
260 2877 364 2947 όντως
386 2875 442 2935 καί
466 2865 513 2935 δι’
540 2874 635 2952 ὑμᾶς.
675 2873 712 2932 οὐ
728 2873 790 2957 γάρ
814 2871 934 2958 ῥηίδιον
950 2877 1092 2956 ἐνεγκεῖν
1115 2873 1256 2938 τοσοῦδε
1281 2870 1445 2960 πλήθους

181 2976 332 3058 θόρυβον
357 2971 433 3035 οὐδὲ
456 2977 617 3058 μυριάσιν
641 2975 837 3058 ἀνθρώπων
854 2977 1011 3060 ἀπείροις
1027 2979 1178 3039 ἐναντίον
1194 2974 1326 3059 βλέψαι
1338 2979 1447 3062 χωρίς
1467 2990 1492 3040 25

182 3067 271 3161 ᾠδῆς
292 3070 349 3138 καί
370 3075 528 3158 κιθάρας.
574 3085 672 3138 τοῦτο
696 3078 841 3162 μὲνγὰρ
872 3075 1145 3164 ἀλεξιφάρμακόν
1175 3081 1250 3140 ἐστι
1273 3081 1365 3163 πρὸς
1387 3082 1447 3142 τὸν

183 3174 288 3262 δῆμον
310 3180 420 3257 ὑμῶν,
449 3179 610 3262 καθάπερ
636 3184 736 3263 στέαρ
761 3181 865 3264 φασίν
888 3182 986 3242 ἐνίων
1010 3177 1103 3262 ζῴων
1126 3177 1272 3265 ὠφελεῖν
1296 3184 1390 3266 πρός
1412 3203 1447 3245 τι

93 3263 95 3266 ‚
128 3285 167 3346 21
182 3286 248 3341 τῶν
268 3277 437 3359 χαλεπῶν.
475 3281 538 3362 ἐγώ
562 3289 650 3362 γοῦν,
674 3283 705 3343 εί
727 3278 766 3365 ἦν
783 3271 915 3363 ᾠδικός,
940 3284 997 3344 οὐκ
1012 3285 1052 3345 ἀν
1069 3280 1165 3366 δεῦρο
1183 3278 1351 3368 εἰσῆλθον
1369 3281 1446 3364 δίχα

179 3378 301 3461 μέλους
324 3384 417 3456 τινδς
440 3383 458 3467 ἢ
484 3374 646 3465 ᾄσματος.
685 3391 741 3445 νῦν
759 3380 793 3444 δέ
810 3387 929 3445 τούτου
945 3387 1006 3464 μέν
1023 3387 1141 3469 ἀπορῶ
1165 3391 1227 3445 τοῦ
1242 3389 1445 3468 φαρμάκου·
1462 3394 1466 3399 ’

179 3485 264 3559 θεὸς
288 3477 333 3562 δ’,
357 3489 441 3569 ὅπερ
465 3487 562 3570 ἔφην,
584 3487 762 3571 θαρρῆσαί
782 3506 843 3564 μοι
865 3491 1042 3570 παρέσχεν,
1464 3506 1488 3555 ια

60 3812 78 3843 ·
264 3807 279 3857 2
298 3807 357 3860 τῶν
373 3803 415 3859 bis
433 3820 485 3858 scr.
506 3804 530 3860 U
602 3809 616 3858 3
635 3805 680 3861 εἰσ
697 3804 782 3860 τέλοσ
799 3803 896 3860 ἐλθεῖν
913 3803 976 3871 (hoc
993 3805 1061 3870 ord.)
1079 3804 1128 3860 UT
1191 3808 1208 3857 4
1225 3801 1445 3879 ἐπιεικέστερον

178 3888 250 3955 libri,
269 3905 338 3944 corr.
357 3891 475 3947 Casaub.
547 3884 633 3948 5τὸν
650 3906 700 3957 pro
719 3895 778 3946 τῶν
796 3890 825 3942 Μ
876 3884 1002 3960 μὲνγὰρ
1019 3891 1048 3943 in
1067 3905 1132 3957 υνυς.
1151 3889 1181 3943 Μ
1241 3885 1313 3961 ίμὴ
1332 3890 1445 3964 πικρὸν

178 3969 251 4029 εἶναι
267 3974 296 4028 in
314 3990 380 4042 mrg.
400 3975 429 4028 M
483 3979 498 4028 8
516 3979 626 4048 πλῆρεσ
642 3982 702 4043 (pro
720 3971 854 4046 σκληρόν)
872 3973 943 4040 libri,
961 3989 1032 4030 corr.
1050 3975 1167 4031 Oasaub.
1226 3967 1353 4032 ἀπόλνσι
1372 3977 1396 4031 Τ

178 4055 305 4127 πέφυκεν
322 4060 353 4114 Μ
433 4055 501 4116 9τὸ
519 4060 581 4115 add.
601 4059 701 4114 Reiske
790 4065 819 4114 11
839 4060 1054 4133 περιγίνεταιΒ
1143 4064 1174 4115 12
1193 4054 1289 4117 οὐκέτι
1306 4064 1352 4118 δεῖ
1368 4061 1443 4129 libri,

179 4159 249 4197 corr.
273 4144 374 4198 Reiske
451 4149 482 4199 16
500 4139 635 4201 ἕνδιανΤ
705 4137 743 4200 δι’
761 4141 911 4217 ἐμπειρίαν
932 4145 1012 4202 UBM
1029 4161 1064 4199 m.
1082 4160 1125 4214 pr.
1211 4139 1249 4200 δι’
1268 4145 1371 4201 reclusi

179 4233 211 4282 20
230 4229 259 4286 δὲ
276 4228 326 4284 UT
397 4221 511 4298 όμοίωσ
528 4230 584 4285 UM
667 4233 699 4284 24
717 4225 808 4288 όντοσ
826 4231 849 4286 U
868 4222 1004 4288 οότωσΒ
1091 4229 1246 4302 πλῆθοσΤ
1337 4234 1372 4288 25
1391 4226 1442 4291 ἀν-

178 4310 313 4384 θρώποισ
330 4314 400 4380 libri,
418 4330 487 4369 corr.
506 4314 607 4370 Reiske
711 4319 742 4370 27
761 4307 898 4389 καθάπερ
916 4313 1007 4388 στέαρ
1025 4322 1077 4371 etc.
1097 4319 1238 4384 corrupta;
1264 4315 1346 4371 scrib.
1368 4315 1442 4388 (τὸ)

179 4399 280 4470 στέαρ·
298 4400 327 4453 in
344 4398 398 4453 fine
415 4398 562 4455 addiderim
579 4401 644 4470 (καί
661 4397 789 4471 ἰοβόλων
807 4401 952 4474 ἑρπετῶν)
1026 4405 1058 4456 28
1077 4393 1166 4472 ἔγωγ’
1185 4391 1237 4458 σόν
1253 4400 1328 4455 UBT
1346 4403 1442 4458 malim

177 4479 305 4553 ἐγὼμὲν
324 4475 375 4540 σόν
