3068 5160
134 334 226 389 XXVI
616 334 904 390 PROLEGOMENA.

135 509 304 575 audientes
316 509 415 574 tacita
430 512 537 572 mente
553 507 696 590 cogitare
711 507 822 591 voluit,
838 508 1048 592 interpolator
1062 511 1142 595 ipsis
1154 509 1263 577 verbis
1275 510 1407 580 addere

135 611 352 678 necessarium
381 609 482 675 duxit.
528 609 564 674 Si
591 616 764 694 tyrannum
791 611 844 675 hio
865 611 936 692 regi
958 630 1120 695 opponere
1142 613 1206 678 Dio
1228 613 1405 698 voluisset,

134 714 280 800 pluribus
308 713 446 778 fecisset.
503 710 606 790 Quam
639 714 774 778 molesta
807 713 849 777 sit
882 711 963 777 haec
992 712 1168 780 desultoria
1196 716 1283 780 ratio
1315 736 1405 801 quae

134 817 267 882 totidem
289 815 396 881 verbis
419 820 492 897 eget
513 819 549 878 ut
571 815 605 879 in
627 815 714 879 viam
735 819 923 898 revertatur,
947 820 1024 898 quot
1045 816 1079 879 in
1102 815 1305 882 deverticulo
1328 838 1405 884 con·

134 923 329 1003 sumpserat,
358 917 415 981 vix
438 937 517 1001 opus
540 922 588 982 est
610 936 749 982 monere.
794 916 902 982 Verba
930 921 1010 993 τούς
1040 917 1075 981 δέ
1100 924 1314 1005 προσιόντας
1339 927 1403 987 etc.

134 1025 338 1104 opponuntur
359 1019 425 1085 his:
461 1023 495 1082 οἱ
518 1019 553 1082 δέ
578 1019 674 1106 pilos
690 1054 730 1064 -
747 1021 835 1083 εἶναι
857 1039 877 1110 a
900 1017 1017 1102 quibus
1043 1018 1149 1084 dirimi
1177 1021 1248 1086 sine
1277 1019 1405 1087 damno

97 1111 105 1120 ’
133 1123 313 1188 sentcntiae
346 1127 520 1205 nequeunt.
574 1122 666 1185 Prior
698 1120 955 1204 interpolationis
982 1141 1058 1204 pars
1086 1123 1251 1205 sequentis
1280 1143 1403 1190 ansam

133 1223 232 1290 dedit.
255 1262 296 1271 —
319 1224 370 1307 At,
395 1222 480 1288 dicet
502 1223 631 1306 aliquis,
654 1222 694 1286 W
716 1242 780 1287 non
802 1222 919 1286 omittit
941 1222 1051 1289 verba.
1084 1223 1157 1289 Non
1178 1225 1310 1308 omittit,
1336 1227 1404 1293 nisi

132 1326 213 1393 forte
243 1346 348 1392 errore
381 1326 463 1391 nihil
489 1324 610 1390 notavi.
666 1321 791 1389 Omittit
819 1342 895 1388 vero
924 1323 1020 1389 Laur.
1051 1331 1080 1408 4,
1104 1329 1144 1389 22
1174 1327 1229 1410 qui
1259 1345 1330 1391 non
1359 1347 1403 1394 cx

133 1429 283 1494 Palatino
311 1427 440 1512 pendet.
484 1427 566 1491 Puto
594 1426 695 1508 igitur
715 1443 773 1509 per
796 1430 1005 1490 correctorem
1027 1426 1127 1492 verba
1149 1426 1402 1496 Vindobonensi

133 1531 227 1596 illata
249 1550 329 1597 esse.
353 1565 393 1575 -
408 1550 440 1613 p.
464 1533 535 1612 7,25
557 1533 614 1592 καὶ
638 1527 763 1607 Φύξιος
786 1545 846 1590 om.
869 1525 967 1591 VPW
989 1527 1022 1590 in
1045 1529 1286 1595 enumeratione
1310 1531 1403 1597 Iovis

133 1638 424 1714 cognomentorum.
458 1631 502 1695 At
523 1629 631 1695 nullus
652 1629 736 1695 liber
758 1630 865 1694 omnia
883 1629 937 1694 hic
951 1628 1084 1712 praebet
1100 1633 1296 1712 cognomina
1312 1655 1401 1718 quae

133 1732 398 1819 insequentibus
420 1737 608 1798 tractantur.
645 1731 760 1815 Neque
783 1737 904 1797 certum
926 1737 974 1797 est
996 1732 1105 1797 omnia
1126 1733 1232 1817 ipsum
1255 1735 1401 1802 Dionem

133 1836 186 1900 hic
216 1835 462 1917 enumeravisse,
487 1854 558 1899 cum
581 1832 695 1898 addat:
728 1837 784 1896 καλ
805 1837 928 1920 μορίας
951 1833 1056 1910 άλλας
1079 1835 1275 1922 ἐπικλήσεις
1300 1842 1397 1920 ἔχων.

134 1936 181 2002 ef.
205 1938 303 2003 etiam
325 1937 463 2004 similem
484 1936 590 2000 locum
612 1956 656 2000 or.
672 1935 739 1999 XII
761 1934 817 1999 ubi
840 1935 874 1998 in
897 1933 1011 2000 eadem
1033 1937 1275 2004 enumeratione
1293 1940 1400 2007 verba

94 2064 97 2069 ·
132 2037 206 2123 (καὶ
225 2034 417 2124 Ὁμόγνιος)
438 2038 511 2123 <sot
535 2036 680 2118 Φύξιος)
699 2034 773 2120 <sci
795 2035 964 2123 Κτήσιος>
987 2038 1021 2100 in
1043 2037 1134 2104 libris
1149 2059 1214 2103 non
1228 2046 1315 2125 sunt,
1341 2044 1399 2110 sed

133 2141 302 2206 aReiskio
325 2141 446 2224 addita,
470 2139 556 2225 quod
578 2141 613 2204 in
634 2136 842 2223 sequentibus
862 2137 943 2203 haec
959 2159 1087 2223 quoquc
1102 2143 1297 2223 cognomina
1313 2150 1398 2212 trac·

131 2247 249 2307 tantur.
262 2263 346 2326 -p.
366 2250 413 2328 19,
435 2251 449 2308 1
470 2248 526 2307 ιιαὶ
549 2247 567 2304 δ
585 2241 764 2317 Φίλιππος
786 2240 930 2324 γελάσας
955 2240 1043 2324 λέγει
1064 2246 1142 2330 (ἔφη
1165 2263 1223 2326 pro
1248 2245 1341 2330 λέγει
1356 2248 1397 2327 V)

132 2343 154 2429 ἦ
177 2338 209 2406 δ’
236 2347 282 2422 ὂς,
306 2346 332 2406 ὦ
352 2337 560 2430 Ἀλέξανδρε,
585 2349 638 2407 δτι
660 2349 721 2408 etc.
759 2343 821 2406 Pro
843 2341 865 2427 ἦ
888 2337 920 2405 δ’
947 2345 984 2418 δς
1007 2341 1065 2406 UB
1087 2343 1186 2409 habet
1208 2346 1317 2425 οἶδας.
1354 2350 1398 2415 At

133 2445 193 2510 hoc
215 2446 443 2529 interpolatum
466 2465 536 2510 esse
559 2464 600 2510 ex
622 2443 644 2530 ἦ
667 2439 699 2507 δ’
718 2446 755 2520 ὃς
770 2444 981 2509 certissimum
997 2442 1089 2508 duco.
1122 2445 1205 2510 Nam
1221 2455 1397 2532 postquam

132 2545 320 2612 Alexander
353 2545 435 2613 dixit
468 2552 521 2611 δτι
553 2551 702 2633 ἠμύνατο
741 2548 819 2620 τούς
852 2549 1001 2628 Εὐβοέας
1036 2547 1092 2610 διά
1125 2560 1184 2636 τῆς
1218 2556 1396 2639 ποιήσεως

125 2643 281 2736 Ὅμηρος,
306 2655 430 2734 oportet
452 2648 495 2714 ad
517 2648 599 2714 haec
620 2647 693 2731 ipsa
714 2645 896 2712 Alexandri
918 2648 1020 2714 verba
1038 2650 1182 2736 Philippi
1204 2672 1397 2739 responsum

132 2749 252 2833 referri,
277 2751 363 2835 quod
384 2771 590 2835 nequaquam
612 2747 647 2814 fit
669 2749 726 2813 illo
749 2748 854 2826 οἶδας.
899 2750 939 2813 In
961 2751 1137 2837 archetypo
1158 2753 1348 2836 legebatur:
1379 2762 1397 2820 o‘

135 2852 314 2930 Φίλιππος
343 2853 488 2938 γελάσας
512 2903 646 2917 .....
671 2852 752 2938 νγδος
779 2852 805 2914 ὦ
830 2851 1028 2939 Αλέξανδρε
1059 2860 1111 2919 δτι
1141 2861 1200 2922 etc.
1252 2857 1397 2924 Librarii

133 2954 189 3037 qui
219 2955 301 3041 ηδος
323 2974 387 3019 non
409 2955 629 3036 intelligerent
652 2953 780 3018 dicendi
802 2953 935 3018 verbum
958 2954 1203 3041 desiderabant,
1233 2958 1321 3024 unde
1344 2959 1397 3026 hic

133 3059 209 3141 ἔρνη,
233 3055 289 3122 ille
313 3055 409 3140 λέγει,
433 3055 517 3120 alius
541 3055 591 3135 (Ol
613 3058 708 3120 εἶπεν
730 3055 903 3122 inscrebat.
940 3057 1017 3122 Plus
1040 3057 1125 3123 ultra
1147 3060 1181 3124 in
1202 3060 1273 3126 loco
1296 3062 1396 3129 inter-

132 3155 272 3240 polando
295 3177 483 3240 progressus
498 3163 546 3222 est
561 3157 619 3222 UB
642 3159 675 3234 (i.
692 3177 719 3222 e.
735 3157 885 3234 Arethas)
908 3158 965 3242 qui
988 3160 1084 3238 οἶδας
1106 3160 1188 3227 illud
1209 3182 1244 3228 se
1259 3161 1395 3246 dignum

133 3259 340 3341 excogitavit.
387 3257 473 3337 Quid
500 3278 576 3324 vero
606 3259 751 3324 excidit?
794 3261 875 3325 Mihi
903 3263 984 3348 ὁρᾷς
1006 3264 1101 3328 unice
1123 3269 1234 3346 aptum
1255 3264 1394 3348 videtur,

132 3367 168 3425 ut
190 3381 231 3426 ex
253 3361 354 3439 ipsius
376 3359 423 3425 fili
438 3360 545 3426 verbis
559 3361 730 3446 Philippus
752 3360 1008 3429 adhortationem
1029 3370 1147 3430 nectat.
1181 3364 1395 3432 Scribendum

131 3462 245 3543 igitur:
281 3467 375 3549 ὁρᾶς,
405 3463 427 3551 ῆ
450 3458 482 3528 δ’
509 3466 562 3543 cg,
589 3458 704 3528 ὦἈλ.
730 3500 765 3508 -
792 3486 823 3549 p.
848 3469 898 3547 22,
917 3470 956 3531 16
979 3471 1036 3530 τὸν
1058 3477 1137 3550 γοῦν
1156 3461 1310 3548 Ἀχιλλέα
1334 3491 1394 3533 πε·

132 3568 272 3650 ποίηκεν
288 3563 504 3653 ὑστερίζοντα
521 3571 555 3630 ἐν
571 3567 618 3650 τῴ
637 3567 856 3652 στρατοπέδῳ
874 3578 940 3631 τῶν
950 3562 1169 3652 Ἀχαιῶν[οὐκ
1181 3566 1394 3655 ἔκλυτα]οάδέ

131 3669 274 3750 ἐρωτικὰ
303 3667 385 3754 μέλη
417 3662 556 3753 ᾄδοντα.Ι
580 3677 582 3681 ’
603 3669 642 3731 ln
671 3668 722 3732 his
751 3673 835 3750 quae
863 3669 990 3734 uncinis
1018 3670 1136 3735 inclusi
1159 3670 1241 3735 etV
1271 3678 1304 3737 et
1326 3672 1395 3737 PW

131 3768 295 3851 omittunt,
325 3769 389 3834 nisi
418 3768 504 3853 quod
525 3769 593 3834 PW
615 3789 672 3852 pro
702 3769 780 3832 οὐδέ
807 3770 920 3852 legunt
952 3775 1025 3850 οὐκ,
1054 3773 1118 3855 ipsi
1145 3792 1273 3856 quoque
1295 3774 1394 3839 inter-

130 3869 303 3951 polationis
342 3871 430 3934 viam
465 3870 612 3951 ingressi.
672 3869 795 3935 Vitium
831 3871 962 3938 subesse
999 3881 1166 3940 senscrunt
1202 3880 1243 3939 et.
1271 3874 1394 3941 archet.

130 3970 199 4034 PW
231 3976 263 4036 et
297 3971 416 4035 archet.
452 3970 524 4053 UB,
567 3970 653 4054 quod
689 3970 818 4039 diversa
856 3976 982 4040 ratione
1020 3977 1133 4042 tollere
1167 3977 1276 4042 conati
1308 3983 1394 4042 sunt.

132 4069 260 4149 Quanto
302 4073 402 4154 igitur
434 4076 578 4155 praestat
606 4071 650 4156 V,
692 4075 748 4158 qui
788 4075 875 4141 solus
909 4075 1047 4143 fideliter
1084 4098 1168 4163 quae
1204 4078 1395 4145 inveniebat

131 4172 316 4258 descripsitt
382 4173 467 4238 Nam
510 4173 625 4239 vitium
668 4176 766 4242 verbo
809 4177 1024 4264 ὑστερίζοντα
1068 4181 1268 4265 continetur,
1307 4180 1394 4265 quod

128 4275 238 4358 inepte
282 4275 399 4341 dicitur
444 4274 484 4340 de
521 4275 658 4343 Achille.
718 4277 930 4345 Scribendum
974 4285 1022 4346 est
1064 4281 1134 4346 sine
1180 4282 1277 4348 dubio
1318 4281 1392 4367 <ο>ὐ

129 4374 382 4463 τερ<ετ>ίζοντα
400 4415 440 4423 -
456 4397 487 4462 p.
504 4381 555 4461 26,
572 4382 613 4444 26
629 4379 728 4444 VPW
745 4379 998 4459 σπουδάζοντας
1020 4383 1186 4466 praebent,
1211 4382 1297 4467 quod
1317 4385 1393 4451 terri

129 4478 257 4561 nequit,
287 4478 346 4544 UB
369 4478 555 4558 παίζοντας
578 4479 664 4564 quod
686 4481 787 4546 nihilo
810 4482 915 4548 minus
938 4483 1082 4567 ineptum
1106 4491 1163 4552 est.
1186 4486 1274 4552 Vera
1296 4488 1392 4553 lectio
