3068 5160
672 344 811 400 ORATIO
829 346 929 400 XXXI.
1367 350 1429 406 219

173 521 274 582 ταύτδ
299 521 486 594 πεπονθὼς
510 501 708 596 πάθι)ς·ἰιύ
695 518 926 600 ύπολλάκιςγ
927 522 998 582 ιετά
1023 517 1151 605 πολλήν
1175 525 1429 606 ἀκρατοποσίαν

172 625 228 684 καὶ
251 630 366 705 συνεχή
391 623 448 682 οὐκ
470 620 649 698 ἐθέλοντες
672 630 765 686 πιεῖν
782 626 906 703 αύχμδν
922 620 1005 699 εξεπ
1007 620 1152 706 ίτηδεςγ
1140 632 1353 707 μηχανῶνται
1371 624 1427 686 διά

172 746 209 786 τε
232 722 383 806 ἱδρώτων
405 726 460 786 καί
485 726 602 789 σιτίων
626 725 783 812 ἁλμυρῶν
805 729 861 788 καί
885 723 1030 808 δριμέων
1054 734 1266 809 προσφοράς.

695 948 898 956 ———

588 1169 661 1244 (14)
684 1161 1007 1243 ΡΟΔΙΑΚΟΣ.

133 1550 147 1598 5
171 1535 318 1617 νομίζειν
339 1504 425 1623 ύπὲρ
450 1538 539 1602 ἰδίου
563 1543 654 1615 τινός
677 1503 877 1624 πράγματος
899 1535 1172 1618 ἐντευξόμενον
1156 1502 1233 1618 υμῖν
1257 1459 1424 1623 ἀφῖχθαι

172 1643 259 1702 ὥστε
274 1639 414 1703 ἑπειδάν
430 1641 608 1726 αἴσθησθε
627 1650 693 1704 τῶν
716 1644 886 1726 ὑμετέρων
901 1662 936 1703 τι
950 1648 1072 1702 κοινῶν
1088 1643 1299 1724 ἐγχειροῦντα
1322 1643 1425 1702 ἐπαν-

171 1743 312 1823 ορθοῦν,
350 1742 581 1828 δυσχερανεῖτε
616 1743 714 1818 ἴσως,
752 1746 783 1805 εί
811 1747 895 1829 μήτε
925 1741 1068 1826 πολίτης
1098 1745 1144 1803 ὢν
1173 1744 1256 1826 μήτε
1284 1739 1425 1826 κληθεὶς

168 1836 230 1928 ὑφ’
256 1848 348 1924 ύμῶν
372 1848 491 1907 ἔπειτα
515 1843 599 1922 ἀξιῶ
626 1844 880 1926 συμβουλεύειν,
903 1848 1086 1906 καὶταῦτα
1109 1843 1194 1924 ὑπὲρ
1220 1840 1355 1917 ούδενδς
1379 1843 1424 1904 ὥν

170 1951 376 2027 σκεψόμενοι
393 1946 650 2032 συνεληλύθατε.
689 1949 753 2028 ἐγὼ
772 1945 807 2008 δὲ
824 1949 864 2008 ἀν
879 1949 940 2026 μὲν
955 1948 1033 2025 ύμῖν
1057 1946 1240 2004 ἀκούσασιν
1265 1937 1295 2028 [ἢ
1319 1943 1423 2028 μηδὲν
1440 1953 1459 2011 2

119 2058 147 2107 10
169 2056 235 2108 τῶν
260 2046 404 2109 δεόντων
426 2043 458 2132 ή]
483 2051 563 2132 περί
585 2068 678 2122 τινος
700 2056 767 2110 τῶν
789 2052 833 2133 μή
860 2051 948 2109 πάνυ
972 2047 1161 2127 ἀναγκαίων
1185 2052 1281 2129 φανῶ
1309 2041 1422 2127 λέγων,

170 2146 309 2221 δικαίως
337 2150 377 2208 ἀν
407 2147 583 2234 ἀμφότερά
614 2171 702 2234 φημι
727 2147 855 2226 δόξειν,
888 2151 956 2228 ἀμα
986 2147 1113 2231 εὐήθης
1141 2148 1197 2207 καὶ
1229 2147 1421 2229 περίεργος·

169 2251 227 2309 ε’άν
251 2242 284 2310 δ’
312 2252 358 2324 ὡς
382 2250 454 2311 οίόν
477 2272 512 2311 τε
535 2253 591 2313 καί
614 2253 693 2335 περὶ
714 2253 874 2332 μεγίστου
899 2253 1106 2333 πράγματος,
1129 2249 1185 2308 καὶ
1200 2251 1320 2309 τούτου
1338 2253 1423 2334 σφό-

170 2348 232 2432 δρα
258 2349 397 2435 φαύλως
419 2354 570 2430 ἔχοντος,
601 2355 687 2415 ὥστε
711 2351 859 2437 δημοσίᾳ
887 2354 946 2437 τήν
970 2348 1071 2412 πόλιν
1094 2341 1157 2410 ἀπ’
1184 2350 1289 2410 αὐτοῦ
1311 2347 1422 2431 διαβε-

168 2450 321 2538 βλῆσθαι
343 2456 399 2515 καδ
415 2458 546 2529 πάντας
561 2458 647 2534 ύμάς
662 2457 721 2517 ἐπὶ
738 2463 825 2516 πάσι
841 2459 914 2528 τοῖς
930 2449 1047 2527 ἀλλοις
1062 2449 1320 2531 εὐδοκιμοῦντας
1335 2447 1420 2514 καθ’

119 2566 146 2614 15
170 2557 203 2615 ἕν
227 2563 326 2615 τούτο
352 2553 451 2641 δόξης
475 2559 513 2617 ού
543 2561 780 2643 προσηκούσης
803 2559 991 2638 τυγχάνειν,
1020 2557 1158 2627 εἰκότως
1181 2555 1221 2614 ἀν
1244 2575 1304 2633 μοι
1324 2558 1423 2638 χάριν

169 2659 276 2735 ἔχοιτε
299 2660 354 2719 καὶ
378 2654 546 2738 νομίζοιτε
570 2661 685 2722 εύνουν
716 2664 859 2733 ἑαυτοῖς.
907 2655 1007 2742 δῆλον
1036 2657 1097 2739 γάρ
1129 2658 1175 2729 ὡς
1204 2657 1234 2716 εἰ
1262 2659 1306 2741 μή
1333 2661 1421 2718 πάνυ

168 2782 220 2833 τις
243 2762 329 2839 ύμάς
352 2759 480 2843 ἀγαπᾷ,
504 2767 577 2836 τοῖς
599 2783 634 2844 γε
657 2760 775 2836 ἀλλοις
800 2763 902 2822 ούθὲν
918 2757 1013 2840 μέλει
1030 2756 1139 2842 δήπου
1156 2764 1222 2817 τῶν
1244 2759 1322 2836 ύμῖν
1345 2781 1420 2820 τινα

170 2865 341 2944 φερόντων
365 2864 564 2947 αἰσχύνηνή
594 2862 731 2947 βλάβην.
778 2865 894 2924 οὐκοῦν
919 2853 1090 2943 [άτοπον],
1123 2861 1153 2919 εί
1182 2861 1242 2937 μὲν
1265 2861 1458 2943 ἀργύριόν3

169 2984 221 3036 τις
243 2965 321 3040 ύμῖν
344 2959 513 3045 ἐχαρίζετο
538 2957 602 3048 ἀφ’
629 2971 759 3040 ἑαυτοῦ,
784 2962 877 3040 ξένος
898 2965 917 3048 ή
942 2967 1108 3043 μέτοικος,
1131 2968 1249 3022 τοῦτον
1271 2964 1332 3040 μὲν
1364 2968 1422 3027 ούκ

116 3073 144 3121 20
167 3065 207 3122 ἀν
230 3065 371 3147 ήγεῖσθε
401 3067 593 3148 περίεργον,
624 3069 676 3127 ότι
705 3063 809 3149 μηδὲν
840 3068 1022 3149 προσήκειν
1055 3062 1160 3125 δοκῶν
1187 3059 1420 3147 ἐφιλοτιμεῖτο

167 3157 248 3248 μηδ)
274 3168 366 3244 ὑμῶν
382 3167 634 3228 ἀπαιτούντων·
660 3165 946 3248 συμβουλεύοντος
963 3164 1000 3228 δέ
1014 3188 1048 3227 τι
1070 3173 1137 3227 τῶν
1150 3166 1324 3248 χρησίμων
1344 3165 1420 3229 δυσ-

165 3272 363 3349 χερέστερον
397 3268 602 3345 ἀκούσεσθε,
640 3270 677 3343 ός
713 3271 753 3331 ἀν
786 3273 830 3354 μή
867 3257 946 3351 τύχη
979 3265 1118 3352 κληθεὶς
1150 3269 1169 3351 ἢ
1203 3268 1247 3351 μή
1278 3266 1421 3355 πολίτης

167 3371 298 3451 ύπάρχη
309 3391 320 3443 ;
342 3371 454 3430 καίτοι
474 3374 654 3454 χρημάτων
669 3374 730 3450 μὲν
747 3364 827 3432 οὔθ’
855 3374 949 3451 ὑμεῖς
966 3366 1099 3454 σφόδρα
1117 3367 1200 3441 ἴσως
1216 3371 1250 3430 ἐν
1269 3369 1316 3450 τῴ
1333 3392 1420 3454 παρ-

122 3485 153 3533 Μι
169 3474 241 3532 όντι
265 3469 400 3545 δεῖσθε,
429 3473 484 3532 καὶ
506 3474 646 3554 μυρίους
668 3475 760 3534 ἔστιν
787 3477 911 3557 εὑρεῖν,
943 3473 994 3547 οίς
1015 3467 1140 3550 μάλλον
1164 3468 1330 3554 ἀφελοῦσι
1353 3481 1419 3535 τῶν

116 3587 142 3633 75
166 3577 270 3634 όντων
296 3578 472 3657 συνέφερε·
502 3576 634 3658 γνώμης
665 3572 700 3635 δὲ
731 3576 864 3660 ἀγαθῆς
895 3577 951 3636 ούκ
980 3576 1072 3635 ἔστιν
1105 3569 1214 3644 οὐδεὶς
1237 3573 1256 3631 ό
1277 3576 1321 3659 μή
1347 3574 1419 3638 δεύ-

254 3832 262 3876 1
285 3819 439 3881 πεπονθοσ
456 3825 478 3877 Ρ
548 3822 689 3882 πολλάκισ
707 3821 786 3896 πρὸσ
804 3848 855 3899 την
873 3824 980 3900 πολλὴν
999 3830 1071 3884 ΡΗΥ
1144 3838 1162 3886 7
1180 3851 1230 3904 pro
1249 3840 1297 3892 καὶ
1316 3841 1418 3908 συνεχῆ

166 3906 218 3967 οἰκ
235 3911 372 3996 suspicor.
376 3909 474 3964 fuisse:
494 3904 567 3966 κατά
587 3911 701 3981 συνεχὲς
719 3913 755 3967 αύ
828 3909 873 3971 διά
892 3915 958 3970 τιΡ
1037 3919 1238 3988 3δρυμὲωνΡ
1308 3920 1418 3978 4ἐοτιυ

164 3996 261 4051 omU
348 3986 441 4050 άοιυ.
461 3996 491 4049 M
560 3999 760 4069 7όυσχερα
771 4017 844 4054 νειτε
863 4005 881 4060 (ι
899 4005 926 4053 et
943 4014 1001 4054 acc
1020 4005 1143 4069 ἀτυχῶ
1230 4002 1349 4063 διδοῖ]

165 4074 337 4137 θάκούοασι
353 4080 398 4132 ΒΤ
451 4076 558 4152 {flante
573 4080 641 4151 μηδὲ
643 4085 667 4145 ν)
681 4097 732 4135 om.
745 4082 819 4138 UBT
871 4079 980 4185 ἢλεμίε
996 4090 1075 4191 μερὶ)
1094 4103 1147 4145 om.
1166 4089 1246 4155 libri„
1264 4091 1417 4159 praeterT.

165 4165 328 4219 seclusi't
280 4166 362 4232 lgitur
380 4160 449 4235 [ή-
459 4161 486 4235 ήῚ
560 4171 590 4219 70
609 4173 746 4239 φανῶμεν
765 4169 793 4221 M
865 4173 895 4222 12
913 4188 957 4225 ωσ
976 4166 1086 4228 σιὀνται
1105 4173 1134 4226 Μ
1203 4178 1252 4231 καί
1270 4181 1333 4231 ante
1351 4181 1416 4247 περὶ

165 4249 254 4302 malim
272 4251 368 4304 abesse
386 4251 457 4315 (item
477 4251 606 4318 Cobetus)
693 4249 764 4306 78
744 4274 857 4310 ατοπον
875 4255 975 4307 seclusi
992 4256 1065 4316 (item
1085 4257 1213 4326 cobetus)
1288 4256 1352 4315 20
1337 4272 1415 4333 ηγυῖ·

164 4333 258 4388 σθεΤ
313 4340 345 4388 22
364 4327 543 4392 ἀκούσεσθαι
562 4336 589 4388 Μ
665 4333 728 4392 23
716 4334 840 4411 υπάρχοι
859 4339 927 4404 libri,
946 4343 1096 4407 praeterT
1160 4348 1193 4397 24
1211 4347 1364 4401 δεῖσθαιΤ

164 4410 257 4555 ρῦρεμ
275 4413 327 4474 ούο
347 4421 372 4474 U
456 4416 530 4490 (ἀν)
552 4415 733 4495 ἀποβαλοῦσι
752 4425 860 4479 Geelius
877 4424 1063 4493 probabiliter
1083 4423 1155 4498 (ἀν)
1172 4430 1251 4484 etiam
1271 4431 1416 4500 Emporias

182 4517 219 4556 εει
240 4509 298 4555 erat
1180 4538 1183 4539 ν
