3068 5160
217 325 256 383 96
659 322 782 378 DIONIS
800 323 852 380 DE
869 323 1033 382 VIRTUTE

217 497 327 562 ἀλλων
349 500 430 578 ταχύ
451 502 710 583 κατεφρόνησεν,
729 487 948 562 Ἀντισθένει
963 497 999 561 δὲ
1015 501 1143 584 ἐχρῆτο,
1168 501 1225 561 ούκ
1248 501 1351 562 αύτδν
1369 502 1477 576 ούτως

217 604 367 663 ἐπαινῶν
386 603 432 675 ὡς
447 603 527 675 τούς
543 598 660 681 λόγους
677 602 734 674 ούς
752 598 872 682 ἔλεγεν,
888 604 1071 686 ἡγούμενος
1085 603 1210 679 μόνους
1226 601 1315 663 εἶναι
1328 599 1476 686 ἀληθεῖς

180 706 271 766 2καί
292 701 439 783 μάλιστα
464 700 667 781 δυναμένους
690 703 878 787 άνθρωπου
902 699 1088 788 ὠφελῆσαι.
1130 705 1208 766 ἐπεί
1230 704 1332 766 αὐτόν
1356 723 1393 785 γε
1417 708 1475 766 τόν

213 798 440 890 Ἀντισθένην
463 802 692 889 παραβάλλων
713 807 801 889 πρός
815 807 894 879 τούς
911 802 1029 886 λόγους
1044 805 1153 866 ἐνίοτε
1168 802 1302 890 ἤλεγχεν
1321 807 1370 880 ὡς
1385 804 1475 867 πολύ

216 906 462 991 μαλακώτερον,
486 909 542 969 καί
565 908 630 992 ἐφη
656 908 757 969 αύτδν
779 905 868 968 εἶναι
892 902 1061 988 σάλπιγγα
1080 903 1259 991 λοιδορῶν·
1284 910 1392 970 αὐτοῦ
1413 910 1509 993 γάρὸ

217 1012 275 1072 ούκ
297 1012 430 1071 ἀκούειν
460 1010 694 1094 φθεγγομένου
724 1013 892 1090 μέγιστον.
941 1010 998 1070 καὶ
1020 999 1279 1093 δἈντισθένης
1307 1012 1475 1090 ὑπέμενεν

216 1114 316 1174 αύτδν
338 1119 443 1173 ταῦτα
459 1113 604 1172 ἀκούων·
630 1113 718 1172 πάνυ
734 1112 796 1195 γάρ
813 1105 985 1190 ἐθαύμαζε
1001 1117 1063 1172 τού
1076 1111 1265 1194 ἀνθρώπου
1281 1113 1342 1198 την
1360 1115 1473 1198 φύσιν.

178 1217 197 1279 3
213 1212 322 1296 έλεγεν
339 1214 396 1276 οδυ
409 1215 617 1293 ἀμυνόμενος
640 1214 715 1274 ἀντὶ
728 1221 787 1298 τῆς
804 1211 990 1295 σάλπιγγος
1004 1218 1078 1288 τοῖς
1095 1211 1217 1299 σφηξὶν
1236 1214 1339 1276 αύτόν
1355 1218 1475 1294 ὅμοιον

214 1316 311 1379 εἶναι.
361 1318 418 1378 καὶ
445 1316 507 1398 γάρ
536 1322 603 1376 τῶν
635 1322 772 1399 σφηκῶν
808 1315 896 1378 εἶναι
924 1319 982 1378 τὸν
1011 1317 1071 1395 μὲν
1100 1319 1219 1401 ψόφον
1247 1323 1314 1378 τῶν
1339 1325 1474 1402 πτερῶν

213 1422 342 1502 μικρόν,
366 1420 404 1478 τδ
429 1415 465 1478 δέ
488 1420 623 1500 κέντρον
648 1414 860 1501 δριμύτατον.
907 1419 1038 1500 ἔχαιρεν
1062 1417 1120 1479 οὖν
1142 1425 1184 1502 τῇ
1212 1420 1392 1503 παρρησίᾳ
1416 1428 1477 1482 τού
1496 1429 1521 1481 10

213 1522 407 1601 Διογένους,
429 1520 545 1602 ὥσπερ
563 1519 596 1578 οἱ
613 1520 761 1596 ἱππικοί,
778 1523 858 1582 όταν
875 1521 984 1582 ῖππον
999 1517 1168 1605 θυμοειδῆ
1186 1517 1347 1601 λάβωσιν,
1363 1519 1475 1597 άλλως

215 1620 250 1683 δέ
274 1620 429 1706 ἀνδρεῖον
450 1624 507 1685 καί
530 1620 738 1707 φιλόπονον,
768 1620 864 1684 ούδέν
886 1623 986 1708 ἦττον
1010 1618 1238 1701 ἀποδέχονται
1260 1624 1299 1683 τό
1320 1620 1473 1702 χαλεπόν

212 1733 274 1786 τού
302 1725 430 1786 ίππου·
460 1727 539 1799 τούς
567 1721 603 1786 δὲ
632 1726 789 1809 νωθροὺς
816 1727 872 1786 καί
905 1722 1044 1808 βραδεῖς
1078 1732 1220 1804 μισούσι
1252 1726 1309 1786 καί
1344 1723 1528 1791 &aoso-(131

177 1821 419 1905 4κιμάζουσιν.
464 1829 572 1889 ἐνίοτε
594 1830 655 1907 μέν
680 1828 737 1888 ούν
759 1829 929 1888 ἐπέτεινεν
958 1827 1076 1902 αύτόν,
1106 1828 1214 1888 ἐνίοτε
1243 1823 1279 1888 δέ
1307 1829 1473 1912 ἐπειρᾶτο

213 1929 353 2006 ἀνιέναι,
379 1931 494 2014 ὥσπερ
520 1932 553 1991 οἱ
571 1927 825 2014 χορδοστρόφοι
846 1929 888 1989 τά
912 1935 1011 2012 νεύρα
1035 1921 1223 2011 [τείνουσι],
1247 1932 1475 2012 προσέχοντες
1497 1940 1521 1990 15

210 2034 255 2117 νύ
279 2033 374 2116 ύννο·

297 2135 375 2195 ἐπεὶ
398 2131 433 2195 δέ
458 2135 633 2196 ἀπέθανεν
657 2136 675 2195 δ
694 2126 926 2218 Ἀντισθένης
940 2133 997 2195 καί
1012 2138 1079 2194 τῶν
1095 2127 1206 2193 ἀλλων
1223 2127 1343 2193 οὐδένα
1359 2136 1473 2214 ηγεῐτο

215 2236 396 2310 συνουσίας
418 2233 530 2314 ἀξιον,
559 2237 681 2321 μετέβη
712 2238 762 2311 εἰς
784 2236 976 2320 Κόρινθον,
1004 2235 1104 2296 κάκεῖ
1127 2230 1239 2318 διῆγεν
1262 2233 1339 2296 ούτε
1363 2234 1474 2296 οἰκίαν

211 2337 479 2416 μισθωσάμενος
495 2339 570 2400 ούτε
594 2339 688 2422 παρά
712 2335 793 2419 ξένῳ
817 2339 884 2400 τινὶ
905 2340 1141 2419 καταγόμενος,
1164 2325 1240 2396 ἀλλ’
1265 2333 1365 2418 ἐντῷ
1381 2338 1474 2422 Κρα-

176 2442 288 2522 5νείφ
312 2437 504 2525 θυραυλῶν.
555 2443 644 2523 ἐώρα
673 2441 735 2524 γάρ
767 2442 820 2501 ότι
849 2435 1008 2501 πλεῖστοι
1037 2438 1223 2522 ἀνθρωποι
1244 2437 1318 2498 ἐκεῖ
1337 2440 1476 2502 συνίασι
1495 2449 1521 2500 s]

213 2540 269 2604 διά
298 2545 377 2618 τούς
407 2540 544 2623 λιμένας
570 2544 626 2604 καί
653 2543 715 2617 τάς
747 2543 901 2624 ἑταίρας,
936 2543 993 2602 καί
1027 2543 1081 2601 δτι
1108 2543 1128 2624 η
1160 2535 1261 2613 πόλις
1291 2539 1410 2625 ὥσπερ
1439 2543 1473 2603 ἐν

212 2643 335 2730 τριόδφ
360 2655 419 2732 τῆς
439 2638 594 2719 Ἑλλάδος
616 2645 734 2706 ἔκειτο.
773 2641 843 2706 δεῖν
868 2644 925 2705 οὖν
947 2645 1006 2704 τόν
1030 2644 1196 2726 φρόνιμον
1212 2637 1329 2724 ἀνδρα,
1355 2643 1472 2728 ὥσπερ

210 2750 268 2809 τόν
290 2751 423 2831 ἀγαθὸν
446 2750 572 2833 ἰατρόν,
595 2751 682 2810 ὅπου
705 2743 864 2809 πλεῖστοι
884 2748 1078 2823 κάμνουσιν,
1101 2744 1208 2804 ἐκεῖσε
1231 2743 1320 2804 ίέναι
1341 2744 1474 2830 βοηθη-

212 2867 325 2928 σοντα,
350 2853 456 2926 ούτως
472 2855 558 2914 ὅπου
575 2847 734 2912 πλεῖστοί
749 2851 836 2911 εἰσιν
851 2851 1008 2934 ἄφρονες,
1031 2848 1105 2908 ἐκεῖ
1114 2841 1262 2925 μάλιστα
1279 2842 1472 2930 ἐπιδημεῖν,

175 2949 423 3033 δέξελέγχοντα
444 2956 501 3016 καί
521 2947 705 3028 κολάζοντα
728 2954 788 3037 την
811 2954 930 3013 ἀνοιαν
947 2951 1065 3012 αὐτῶν.
1104 2948 1182 3010 ἐπεὶ
1204 2943 1240 3008 δέ
1263 2946 1341 3031 ἦκεν
1364 2950 1384 3008 ὁ
1406 2956 1473 3011 τῶν
1495 2964 1520 3015 15

206 3044 370 3132 Ἰσθμίων
395 3058 516 3137 χρόνος
544 3057 600 3117 καί
632 3057 758 3129 πάντες
787 3050 872 3138 ἦσαν
901 3056 935 3115 ἐν
953 3043 1100 3133 Ἰσθμῷ,
1133 3049 1256 3134 κατέβη
1279 3051 1337 3111 καλ
1360 3051 1472 3126 αύτός.

210 3155 333 3216 εἰώθει
354 3157 416 3240 γάρ
440 3158 642 3218 ἐπισκοπεῖν
664 3159 700 3218 ἐν
722 3161 798 3231 ταῖς
820 3158 1029 3241 πανηγύρεσι
1057 3154 1118 3228 τάς
1148 3148 1302 3225 σπουδάς
1324 3157 1393 3214 τῶν
1418 3154 1473 3214 άν-

210 3256 366 3339 θρώπων
388 3259 444 3319 καί
459 3259 520 3332 τάς
535 3260 727 3340 ἐπιθυμίας
748 3262 805 3322 καί
827 3258 873 3321 ὧν
896 3263 990 3321 ένεκα
1014 3255 1223 3342 ἀδημονοῦσι
1244 3253 1378 3316 καὶέπὶ
1401 3256 1474 3316 τίσι

176 3362 294 3441 7μέγα
319 3368 492 3445 φρονοῦσι.
531 3366 680 3445 παρέσχε
703 3359 738 3423 δέ
761 3364 817 3424 καί
839 3364 940 3424 αύτδν
963 3360 1011 3442 τῷ
1033 3357 1225 3442 βουλομένην
1249 3358 1472 3436 ἐντυγχάνειν,

295 3649 312 3698 4
329 3638 484 3719 άντισθένη
501 3647 573 3705 UBP
585 3649 618 3714 β)
699 3654 714 3701 5
733 3644 840 3706 αύτοὺσ
858 3663 907 3716 pro
926 3641 1017 3704 αὐτόν
1033 3643 1083 3705 UB
1164 3647 1307 3726 λοιόόρων
1326 3654 1405 3712 Uflv

210 3722 298 3785 θούκ
319 3727 405 3800 ἤκουε
428 3731 502 3787 UBV
594 3730 799 3805 φθεγγόμενον
819 3734 921 3788 mavult
944 3733 1063 3789 Cobetus
1157 3740 1189 3792 10
1214 3733 1339 3810 σμικρὸν
1362 3738 1385 3793 Ρ

210 3818 242 3867 13
261 3815 446 3869 scribendum:
468 3811 547 3885 (διὰ)
568 3812 603 3873 τὸ
620 3817 762 3888 χαλεπὸν,
785 3819 880 3874 deletis
898 3823 951 3875 τοῦ
971 3814 1063 3875 ἵππου
1148 3817 1217 3888 τοὺς
1234 3823 1264 3880 δὲ
1281 3827 1405 3896 βραδεῑσ
1423 3829 1473 3882 καὶ

208 3894 381 3970 νοθροὺσλί
497 3906 527 3954 14
548 3899 684 3974 ἐπειρᾶτο
710 3897 785 3960 τὸΡ
880 3909 910 3957 15
935 3905 1121 3961 τείνουσινΰ
1206 3909 1334 3964 τείνουσι
1357 3910 1472 3966 seclusit

208 3983 270 4036 Wil.
360 3989 390 4038 17
411 3979 427 4040 ὃ
452 4001 504 4041 om.
527 3986 576 4041 UB
685 3986 773 4042 deleto
796 3991 844 4044 καὶ
868 3991 917 4043 aut
939 3983 1099 4060 ἡγούμενος
1122 3991 1311 4061 scribendum,
1334 3999 1383 4048 sut
1407 4011 1472 4050 mox

206 4065 313 4142 μετέβη
330 4069 394 4138 (δὲ)
477 4074 508 4124 19
525 4069 789 4141 μισθοσάμενοσῗ
874 4075 985 4149 κρανίῳ
1001 4073 1064 4128 libri
1081 4074 1181 4129 exc.P
1267 4081 1300 4131 20
1319 4080 1472 4137 ovvcdocV

207 4159 335 4212 συνιᾶσιν
350 4155 423 4210 Um.
436 4171 478 4225 pr.
561 4160 593 4210 22
612 4161 655 4214 δεῖ
672 4149 723 4215 οὖν
739 4158 813 4213 PYV
831 4163 889 4216 δεῖν
905 4154 963 4231 γάρ
981 4154 1061 4232 ἔλεγε
1077 4159 1127 4215 UB
1150 4174 1256 4214 eorm
1340 4167 1374 4218 23
1394 4158 1473 4222 ὅπου

206 4243 310 4296 πολλοὶ
322 4245 458 4298 νοσοῦσιν
475 4242 524 4297 UB
568 4247 601 4298 24
614 4236 722 4300 ὅποιλ
765 4239 924 4317 ἀποδημεῖν
934 4245 1005 4309 libri,
1024 4261 1093 4299 corr.
1106 4243 1207 4299 Reiske
1250 4249 1283 4301 26
1294 4245 1434 4320 κατεύηΡ

207 4326 237 4374 27
258 4321 354 4382 εἰώθει
371 4323 541 4384 ἐπισκοπεῖν
558 4332 620 4396 (om.
638 4325 706 4401 γὰρ)
723 4329 745 4383 Ρ
819 4326 1010 4401 πανηγύρεσιν
1029 4330 1054 4385 U
1136 4325 1266 4388 σπουδὰσ
1283 4346 1319 4386 ox
1337 4330 1472 4392 σπονδάσ

207 4408 320 4462 corr.V
390 4416 422 4466 28
441 4409 519 4485 πρὸσ
537 4405 621 4472 ἅτινα
639 4418 697 4482 (pro
716 4405 758 4470 ὧν
775 4411 868 4479 ἕνεκα)
889 4415 937 4470 UB
1020 4408 1202 4487 ἀποδημοῦσι
1220 4416 1283 4471 libri
1299 4417 1472 4485 (Ut—mv),

206 4505 276 4545 corr.
291 4492 392 4549 Jacobs
462 4502 494 4552 29
512 4499 655 4571 παρέσχεν
673 4499 729 4555 UM
