3068 5160
601 333 738 391 ORATIO
756 335 816 392 Vll.
1275 338 1336 398 203

83 510 236 585 ανίσκος,
264 510 320 570 καί
350 505 479 594 ἔλαφον
506 515 688 571 καταπονῶ
710 512 767 572 καί
790 517 849 572 σύν
870 511 1072 595 ὑφίσταμαι.
1117 514 1199 594 όψει
1221 510 1257 576 δέ
1281 515 1337 575 αύ-

82 630 167 694 ριον,
190 611 231 671 ἀν
254 607 369 694 θέλῃς,
393 610 419 671 ὦ
444 609 524 688 Ιξένε.
569 614 706 674 καὶτὸν
729 609 838 693 λαγὼν
860 619 979 673 τοῦτον
1003 615 1059 688 σύ,
1082 614 1178 698 ἔφην,
1201 613 1338 696 ἔλοβες;

80 704 176 793 Ἐγώ,
200 713 264 797 ἐφη
288 711 449 794 γελάσας,
478 712 525 796 τῷ
550 711 687 798 λιναρίῳ
710 723 770 799 τῆς
792 717 925 788 νυκτός·
953 710 993 798 ήν
1014 715 1077 798 γάρ
1101 716 1224 799 αἰθρία
1248 720 1336 780 πάνυ

81 811 283 899 καλήκαίή
309 812 428 900 σελήνη
451 813 631 900 τηλικαύτη
654 818 692 877 τὸ
723 817 871 898 μέγεθος
897 812 994 901 ήλίκη
1025 814 1246 880 οὐδεπώποτε
1268 821 1337 901 ἐγέ-

45 929 166 978 5νετο.
205 917 355 978 ἐνταῦθα
377 921 495 997 μέντοι
516 915 678 999 ἐγέλασαν
701 919 901 1003 ἀμφότεροι,
926 919 964 979 ού
987 921 1091 998 μόνον
1114 921 1133 980 ό
1155 929 1214 1006 τῆς
1235 925 1388 1007 κόρηςλλ

83 1019 205 1103 πατήρ,
229 1015 314 1079 ἀλλὰ
336 1021 392 1081 καὶ
414 1021 584 1082 ύέκείνου.
622 1017 700 1082 όδὲ
722 1012 876 1105 Ιήσγύνθη
899 1021 956 1082 καὶ
977 1022 1162 1105 ἐσιώπησε.
1251 1019 1339 1105 λέγει

83 1120 140 1182 σύν
157 1123 174 1181 ὁ
189 1128 248 1204 τῆς
261 1123 363 1204 κόρης
386 1124 508 1207 πατήρ,
528 1115 607 1204 Ἐγὼ
622 1128 693 1203 μέν,
717 1122 794 1207 ἔφη,
817 1120 843 1181 ὦ
861 1125 936 1197 παῖ,
960 1118 1056 1184 οὐδὲν
1070 1119 1336 1206 ὑπερβάλλομαι.

82 1220 155 1284 ύδέ
179 1225 290 1308 πατήρ
317 1239 376 1284 σου
393 1229 578 1307 περιμένει,
603 1218 675 1286 ἐστ’
701 1225 742 1286 ἀν
759 1226 880 1307 ἱερεῖον
897 1224 1041 1306 πρίηται
1056 1225 1251 1307 πορευθείς.
1287 1222 1344 1287 δεῖ

81 1326 143 1407 γάρ
166 1326 276 1386 θύσαι
298 1329 371 1399 τοῖς
393 1326 501 1400 θεοῖς.
547 1325 643 1390 εἶπεν
667 1327 724 1388 ούν
748 1328 767 1386 ὁ
788 1327 950 1408 νεώτερος
975 1322 1125 1410 ἀδελφὸς
1146 1334 1206 1411 τῆς
1226 1328 1337 1411 κόρης,

31 1436 60 1488 10
78 1420 179 1488 Ἀλλὰ
211 1429 333 1508 ἱερεῖόν
355 1445 391 1507 γε
421 1425 531 1491 πάλαι
553 1427 652 1504 ούτος
675 1430 919 1514 παρεσκεύακε,
947 1429 1004 1489 καί
1032 1428 1125 1490 ἐστιν
1148 1425 1244 1490 ένδον
1266 1449 1336 1512 τρε-

83 1533 230 1614 φόμενον
254 1528 402 1590 ὄπισθεν
425 1537 485 1612 τῆς
508 1539 629 1616 σκηνῆς
650 1536 811 1613 γενναῖον.
856 1531 995 1614 ήρώτων
1018 1529 1076 1590 οὖν
1099 1530 1216 1607 αὐτόν,
1239 1523 1335 1615 Ἀλη·
1349 1535 1389 1596 73

81 1633 174 1706 θῶς,
198 1632 217 1690 ό
239 1626 275 1691 δέ
299 1631 374 1715 ἔφη.
420 1632 490 1693 Καὶ
513 1633 624 1694 πόθεν
649 1649 723 1708 σοι;
751 1633 894 1717 ἔφασαν.
932 1623 1010 1693 Ὅτε
1031 1633 1091 1716 τήν
1113 1629 1152 1694 ύν
1174 1629 1338 1713 ἐλάβομεν

80 1735 140 1817 τήν
163 1733 204 1792 τά
227 1736 324 1793 τέκνα
348 1733 499 1811 ἔχουσαν,
522 1735 564 1795 τά
586 1737 647 1814 μέν
670 1731 755 1795 ἀλλα
775 1730 908 1818 διέδρα·
930 1734 987 1794 καὶ
1001 1728 1051 1816 ήν,
1075 1734 1151 1817 ἔφη,
1175 1736 1338 1817 ταχύτερα

80 1842 142 1896 τού
164 1832 268 1917 λαγώ·
293 1835 367 1908 ἐνὸς
390 1831 425 1896 δέ
449 1836 513 1915 ἐγὼ
538 1832 626 1917 λίθῳ
643 1837 758 1915 ἔτυχον
773 1837 830 1897 καί
845 1832 962 1896 ἁλόντι
976 1837 1014 1895 τὸ
1032 1831 1137 1917 δέρμα
1153 1831 1344 1914 ἐπέβαλον·Ι

30 1947 56 1996 15
80 1945 178 1999 τούτο
202 1932 396 2022 ήλλαξάμην
418 1938 453 1997 ἐν
476 1944 518 2020 τῆ
539 1939 649 2021 κώμη,
675 1939 732 1999 καί
754 1934 875 2016 ἔλαβον
899 1927 974 1997 ἀντ’
1001 1936 1105 1996 αύτού
1121 1939 1254 2018 χοῖρον,
1283 1938 1339 1997 καί

82 2041 219 2122 ἔθρεψα
237 2040 386 2122 ποιήσας
396 2017 552 2100 Χόπισθεν
570 2041 704 2122 συφεόν.
746 2043 870 2113 Ταῦτα,
894 2035 999 2111 εἶπεν,
1024 2038 1089 2120 ἀρα
1109 2041 1128 2120 ή
1152 2037 1260 2120 μήτηρ
1278 2043 1341 2097 σού
1350 2044 1389 2104 74

82 2137 194 2220 ἐγέλα,
225 2141 330 2200 ὁπότε
358 2133 573 2218 θαυμάζοιμι
601 2141 731 2201 ἀκούων
753 2133 971 2223 γρυλιζούσης
993 2147 1052 2223 τῆς
1077 2141 1171 2214 συός,
1199 2139 1256 2199 καλ
1278 2138 1339 2212 τάς

81 2241 207 2324 κριθὰς
226 2242 332 2314 οὕτως
349 2237 533 2325 ἀνήλισκες.
564 2240 625 2302 Αἱ
639 2242 701 2325 γάρ
725 2238 885 2322 εύβοίδες,
909 2239 1015 2316 εἶπεν,
1038 2240 1097 2319 ούχ
1121 2241 1231 2301 ἱκαναὶ
1253 2235 1339 2323 ἦσαν

84 2348 216 2417 πιᾶναι,
239 2341 258 2425 ή
282 2338 366 2426 μηδέ
389 2338 556 2422 βαλάνους
577 2340 701 2428 ήθελεν
723 2344 866 2405 ἐσθίειν.
912 2338 997 2403 ἀλλά
1020 2342 1051 2403 εί
1066 2338 1235 2422 βούλεσθε
1254 2338 1340 2403 ἰδεῖν

32 2455 61 2504 2ο
84 2445 202 2528 αύτήν,
233 2439 303 2519 άξω
333 2444 529 2527 πορευθείς.
575 2446 609 2505 οί
632 2442 667 2506 δέ
690 2441 850 2507 ἐκέλευον.
896 2441 1051 2528 ἀπῄεσαν
1075 2443 1133 2505 ούν
1155 2445 1281 2518 ἐκεῖνός
1303 2464 1339 2505 τε

82 2548 139 2609 καὶ
162 2548 195 2607 οἱ
217 2542 340 2620 παῖδες
363 2546 509 2608 αύτόθεν
533 2542 645 2630 δρόμῳ
666 2549 851 2632 χαίροντες.
960 2549 995 2608 ἐν
1018 2543 1054 2608 δέ
1077 2548 1184 2626 τούτῳ
1208 2549 1227 2629 ή
1253 2563 1338 2628 παρ·
1350 2554 1390 2615 75

83 2651 186 2722 θένος
216 2649 390 2709 ἀναστᾶσα
420 2643 457 2723 ἐξ
486 2652 603 2733 ἑτέρας
632 2657 752 2734 σκηνῆς
782 2651 937 2728 ἐκόμισεν
972 2648 1033 2709 ούα
1067 2651 1255 2730 τετμημένα
1284 2648 1340 2707 καί

10 2771 25 2812 ,ι
39 2767 70 2818 Μ)
83 2748 235 2831 μέσπιλα
263 2751 319 2811 καί
347 2746 437 2834 μῆλα
463 2751 636 2834 χειμερινὰ
663 2752 720 2812 καί
747 2758 807 2835 τῆς
833 2751 988 2830 γενναίας
1018 2745 1190 2833 σταφυλῆς
1218 2748 1340 2832 βότρυς

85 2838 314 2939 σφριγῶντας,
343 2854 400 2914 καί
422 2852 544 2936 ἔθηκεν
567 2853 626 2913 ἐπὶ
648 2853 707 2937 τήν
730 2846 915 2934 τράπεζαν,
943 2852 1174 2935 καταψήσασα
1198 2845 1340 2934 φύλλοις

32 2968 60 3016 25
83 2958 153 3016 ἀπὸ
182 2961 248 3016 τῶν
276 2961 398 3037 κρεῶν,
427 2951 647 3034 ὑποβαλοῦσα
676 2953 834 3037 καθαρὰν
863 2950 1016 3037 πτερίδα.
1061 2952 1140 3037 ήκον
1169 2948 1205 3013 δέ
1227 2952 1284 3013 καί
1307 2952 1341 3011 οἱ

85 3054 207 3129 παῖδες
236 3057 294 3139 τήν
324 3053 362 3115 ύν
385 3057 523 3135 ἄγοντες
544 3055 628 3134 μετὰ
651 3051 797 3135 γέλωτος
818 3057 875 3117 καί
897 3052 1049 3129 παιδιᾶς.
1096 3050 1385 3138 συνηκολούθει76

86 3154 121 3218 δὲ
144 3161 163 3240 ή
187 3158 294 3240 μήτηρ
317 3163 379 3216 τού
399 3157 573 3217 νεανίσκου
595 3157 652 3217 καί
674 3153 818 3240 ἀδελφοὶ
847 3154 907 3218 δύο
936 3154 1121 3240 παιδάρια·
1152 3157 1274 3240 ἔφερον
1304 3151 1339 3216 δέ

85 3261 208 3343 άρτους
230 3278 266 3318 τε
288 3258 463 3340 καθαρούς
484 3259 541 3319 καί
569 3248 619 3338 ρλά
648 3258 745 3343 ἐφθά
767 3261 803 3320 ἐν
827 3255 973 3335 ξυλίνοις
996 3255 1115 3335 πίναξι
1136 3260 1192 3320 καί
1214 3258 1339 3342 ἐρεβίν-

85 3362 173 3434 θους
197 3361 371 3444 φρυκτούς.
496 3361 721 3444 ἀσπασαμένη
747 3357 783 3420 δὲ
805 3361 863 3421 τδν
887 3355 1035 3444 ἀδελφόν
1056 3365 1076 3444 ή
1100 3362 1178 3445 γυνή
1202 3361 1259 3422 καί
1280 3361 1339 3442 τήν

33 3474 62 3523 30
85 3457 268 3545 [θυγατέρα
296 3462 353 3523 καί
380 3455 452 3545 τήν]
483 3458 669 3546 ἀδελφιδῆν
692 3456 872 3537 ἐκαθέζετο
900 3461 994 3544 παρὰ
1017 3463 1075 3522 τὸν
1099 3463 1200 3546 αὐτῆς
1223 3456 1339 3542 ἄνδρα,

171 3737 185 3785 3
206 3724 289 3801 ειέγὼ
308 3733 382 3794 (ante
399 3750 413 3787 ε
432 3732 512 3784 unius
530 3730 626 3784 literae
643 3743 747 3794 rasura,
769 3730 819 3785 sub
839 3750 853 3788 ε
871 3730 1030 3798 agnoscitur
1048 3736 1077 3796 α)
1094 3730 1120 3785 U
1138 3724 1195 3800 ἐγὼ
1214 3712 1244 3786 δὲ
1262 3727 1284 3780 Ρ

85 3815 211 3888 ἐθρίαΡ
280 3808 453 3871 λούόέποτε
472 3814 519 3868 PH
587 3812 702 3886 ἐγένετο
722 3830 774 3871 om.
793 3814 843 3868 PH
912 3813 1093 3887 ύέσιύπηΡ
1180 3808 1339 3885 Ἱύποβάλ-

86 3898 215 3970 λαμαιΗ
239 3903 314 3966 (mrg.
337 3919 384 3970 γρ.
406 3894 633 3972 ὑπερβάλλομαι)
735 3893 945 3972 9ὃιῖόελφὸσ
961 3900 1036 3955 PHU
1054 3916 1089 3954 m.
1107 3914 1162 3954 εει.
1258 3903 1290 3952 10
1307 3918 1340 3970 γε

84 3989 213 4043 πλούτοσ
236 3984 258 4037 Ρ
366 3988 397 4038 14
421 3987 469 4041 καὶ
496 3980 578 4040 ἀλλσι
602 3978 636 4040 τὸ
662 3985 736 4048 libri,
766 4000 836 4040 corr.
860 3985 981 4052 Geelius3
1012 3989 1061 4042 καί
1085 3979 1164 4041 εἷλον
1189 3979 1224 4040 τὸ
1248 3979 1338 4055 δέρμα

84 4067 231 4143 ἐπιβαλών
249 4067 368 4123 Cobetus
458 4073 487 4122 16
506 4067 611 4126 ύπισύε
628 4070 654 4127 U
671 4086 706 4123 m.
725 4085 782 4138 pr„
801 4070 830 4123 M
924 4073 954 4124 18
972 4066 1096 4126 ἱκανὰΡ
1186 4073 1217 4123 19
1235 4062 1252 4141 ἢ
1270 4067 1339 4140 μηδὲ

87 4169 120 4208 ex
138 4155 295 4210 coniectura
312 4152 400 4222 posui,
418 4152 444 4209 εἰ
459 4150 531 4224 μήγε
549 4154 611 4209 libri
696 4152 803 4226 ἤθελον
821 4155 850 4207 Μ
935 4148 1003 4212 ἀλλ’
1021 4154 1071 4208 ΡΗ
1158 4158 1187 4207 21
1210 4152 1238 4211 οἳ
1256 4148 1341 4211 αύτό-

86 4243 139 4293 θεν
156 4243 258 4296 παῖόεσ
277 4239 348 4304 libri,
368 4253 436 4292 corr.
456 4237 566 4294 Geelius
654 4245 686 4294 λλ
703 4238 845 4312 έκόμησεν
861 4240 883 4293 Ρ
970 4243 1004 4292 24
1022 4241 1214 4311 σφραγῶντασ
1232 4239 1254 4293 P

86 4313 221 4390 φίλιαι)
306 4326 338 4376 25
357 4317 562 4396 ὑποβάλλουσα
581 4325 659 4382 σου
747 4329 779 4380 νε
798 4315 993 4398 σπηκοιούοη
1009 4323 1058 4380 PU
1076 4340 1110 4378 m.
1129 4340 1171 4394 pr.
1259 4328 1291 4378 τε
1309 4321 1341 4379 ιι

90 4421 142 4461 om.
160 4405 185 4461 U
203 4411 279 4474 (τοῖς.
302 4428 347 4479 γρ.
365 4405 397 4464 ἐν
415 4412 481 4474 ξολ.)
562 4413 594 4464 29
611 4413 660 4466 καί
678 4408 730 4480 τὴν
747 4405 893 4480 θυγατέρα
912 4410 974 4463 secl.
993 4409 1100 4467 Selden.
1175 4413 1208 4464 30
1227 4403 1305 4480 παρὰ
1325 4423 1341 4462 κ

88 4495 243 4546 correctore
261 4495 384 4561 (excepto
403 4499 433 4559 π)
451 4495 476 4548 U
