3068 5160
539 343 828 399 PROLEGOMENA.
1238 343 1319 398 XVII

57 537 103 584 or.
126 517 172 582 IV
197 521 247 596 76,
265 522 284 579 4
305 515 361 580 ubi
386 515 590 580 ἱλάσκεσθαι
613 516 647 580 λιι
669 516 699 582 U
717 515 845 598 legitur,
870 514 1062 579 ἱλάσασθαι
1077 515 1103 579 Β
1118 514 1230 580 scribit
1245 535 1316 579 cum

59 619 185 685 ceteris.
230 616 332 696 Quem
361 636 437 682 vero
466 637 511 682 or.
535 616 564 682 V
587 621 671 698 §17,
691 622 705 680 1
734 621 771 680 at
793 621 914 681 τίτθαι
936 614 1134 698 offendebat,
1164 622 1200 681 ut
1222 615 1318 682 debet

59 719 232 802 offendere,
255 738 321 804 qua
345 716 477 784 tandem
492 737 527 784 re
549 723 675 782 ἐκεῖναι
696 723 863 801 praestare
885 716 1127 784 arbitrabatur?
1153 717 1222 783 Alii
1243 723 1318 783 sunt

60 825 138 904 loci,
168 822 224 888 ubi
253 821 434 905 corruptela
462 821 496 885 in
517 819 676 885 Urbinate
705 819 748 884 ad
776 820 942 903 complura
966 819 1067 885 verba
1087 820 1269 904 pertinente
1291 817 1318 882 B

61 930 185 1010 partem
208 922 410 1007 corruptelae
432 920 573 1003 exhibet,
597 927 705 987 cetera
725 926 813 987 recte
835 920 956 987 scribit.
993 920 1079 986 Num
1101 920 1256 989 credibile
1271 928 1320 987 est

60 1027 221 1092 hominem
250 1025 342 1089 illum
372 1023 534 1105 corrigere
562 1021 692 1106 quidem
721 1023 802 1087 talia
829 1022 985 1105 voluisse,
1016 1022 1073 1088 sed
1099 1029 1265 1107 tamquam
1286 1023 1321 1086 in

61 1127 169 1194 media
199 1127 397 1193 correctione
429 1123 626 1206 substitisse,
660 1130 696 1189 ut
728 1143 812 1207 quae
846 1131 1029 1190 correxerat
1057 1125 1158 1190 nihilo
1187 1124 1322 1188 meliora

62 1236 170 1298 essent
198 1248 295 1312 quam
324 1246 409 1311 quae
438 1226 616 1291 invenerat.
660 1225 828 1292 Eiusmodi
856 1227 946 1292 locus
972 1232 1021 1292 est
1042 1246 1087 1291 or.
1109 1225 1156 1290 IV
1178 1229 1320 1308 §117,5

62 1333 118 1399 ubi
146 1337 235 1398 recta
262 1330 359 1395 lectio
381 1328 551 1416 ἐλαφρούς
573 1332 687 1392 τεκαὶ
708 1333 912 1412 μεταρσίους
934 1329 970 1392 in
990 1327 1018 1392 B
1040 1347 1078 1393 eo
1101 1333 1251 1410 corrupta
1273 1331 1322 1392 cst

63 1433 149 1518 quod
171 1434 265 1498 litera
287 1455 306 1516 ρ
328 1431 364 1494 in
385 1429 555 1517 ἐλαφροὺς
578 1427 708 1511 excidit,
731 1429 765 1493 in
788 1429 819 1495 U
841 1429 1023 1513 corruptela
1044 1430 1142 1494 latius
1156 1429 1322 1513 processit.

63 1536 145 1600 Puto
167 1533 253 1599 enim
275 1529 494 1610 librariumB,
517 1530 546 1595 si
568 1529 608 1595 de
631 1531 793 1596 sententia
814 1530 959 1596 curiosus
979 1534 1037 1595 καὶ
1057 1528 1245 1613 addidisset,
1270 1552 1323 1606 -ος

64 1638 99 1702 in
127 1658 200 1711 -ους
229 1636 398 1714 mutasset,
432 1650 473 1696 ne
502 1631 651 1719 ἐλάφους
680 1629 809 1716 quidem
839 1632 978 1699 intactas
1005 1631 1190 1698 relicturum
1212 1632 1323 1697 fuisse.

63 1735 163 1802 Aliud
185 1739 234 1800 est
256 1753 357 1816 genus
380 1733 548 1798 varietatis
571 1732 657 1816 quod
678 1735 714 1798 in
734 1733 1040 1817 transpositionibus
1057 1734 1224 1801 verborum
1239 1733 1324 1819 posi-

63 1844 131 1903 tum
160 1841 225 1919 cst;
259 1854 323 1919 quo
352 1835 554 1919 corruptelae
582 1855 702 1917 genere
725 1834 866 1901 Urbinas
893 1855 952 1919 per
973 1841 1075 1900 totum
1097 1835 1164 1901 fere
1186 1837 1324 1901 Dionem

64 1938 218 2006 abundat.
262 1937 457 2021 Plerumque
485 1957 562 2002 vero
590 1937 617 2002 B
645 1939 764 2003 iustum
794 1944 970 2003 ceterorum
998 1936 1151 2003 librorum
1180 1937 1325 2002 ordinem

64 2046 182 2122 servat,
205 2039 317 2124 qualia
339 2039 374 2103 in
395 2038 545 2123 catalogo
568 2040 717 2122 congessi
738 2040 907 2123 permulta.
944 2041 988 2104 At
1008 2040 1140 2105 minime
1157 2038 1326 2124 probabile

64 2149 114 2210 est
142 2141 184 2208 do
211 2161 315 2227 parva
342 2160 377 2206 re
405 2141 574 2209 librarium
603 2140 695 2206 illum
724 2146 791 2205 tam
819 2140 992 2205 sollicitum
1016 2139 1131 2223 fuisse,
1160 2141 1217 2224 qui
1239 2140 1327 2206 haud

64 2263 189 2329 paucas
216 2247 355 2308 totorum
383 2262 533 2309 versuum
561 2242 696 2309 lacunas
725 2262 789 2306 non
817 2242 971 2325 explevit.
1015 2244 1054 2308 In
1081 2241 1189 2308 verbis
1211 2262 1256 2307 or.
1279 2243 1325 2307 IV

65 2353 84 2425 ξ
101 2352 151 2428 95,
170 2351 189 2409 4
210 2349 404 2432 κρατηθεὶς,
427 2350 524 2421 κυνὸς
546 2348 713 2431 ἀχρήστου
737 2349 769 2409 et
784 2342 814 2408 U
831 2344 905 2409 etB
926 2349 1022 2421 κυνὸς
1045 2345 1080 2409 in
1100 2349 1157 2409 καὶ
1179 2363 1326 2429 corrupe-

65 2455 149 2530 runt,
174 2466 237 2531 quo
259 2445 346 2510 facto
368 2446 465 2510 totius
488 2445 551 2510 loci
573 2445 735 2511 sententia
752 2465 816 2510 non
832 2445 895 2510 iam
912 2444 1115 2526 intelligitur.
1149 2446 1211 2512 Pro
1227 2451 1325 2534 ἀχρή-

69 2572 150 2614 στου
174 2554 283 2614 autem
305 2547 336 2612 U
359 2551 541 2633 ἀχαρίστου
564 2546 715 2631 praebet,
737 2546 764 2610 B
785 2551 872 2612 recte
894 2550 1070 2634 ἀχρήστου.
1110 2545 1246 2625 Qualem
1263 2549 1328 2614 ium

67 2653 128 2719 tibi
156 2650 251 2733 fingis
285 2648 454 2715 librarium
490 2648 546 2731 qui
580 2653 763 2734 ἀχαρίστου
792 2648 827 2712 in
856 2652 1022 2734 ἀχρήστου
1051 2650 1237 2732 mutaverit,
1272 2656 1328 2714 καὶ

68 2753 168 2836 illud,
197 2772 260 2836 quo
289 2751 389 2815 multo
417 2749 522 2815 maius
550 2748 776 2814 detrimentum
798 2750 869 2814 loco
891 2747 1048 2831 adfertur,
1076 2750 1231 2815 intactum
1254 2753 1328 2816 reli-

71 2853 200 2939 querit?
244 2851 299 2918 Or.
321 2851 367 2917 IV
390 2855 536 2934 §124,3
565 2851 652 2916 insta
682 2851 778 2916 lectio
808 2857 856 2917 est
885 2851 1079 2935 λεγομέναις
1109 2853 1147 2940 δή
1179 2873 1277 2937 quam
1300 2854 1328 2916 V

71 2956 212 3040 corrupit
240 2955 275 3019 in
305 2955 462 3040 λεγομένη
496 2953 552 3041 δὴ,
587 2953 614 3017 Β
644 2957 676 3019 et
703 2952 734 3017 U
758 2951 797 3040 δὴ
827 2954 991 3035 omittunt,
1022 2952 1133 3020 sedU
1160 2960 1329 3038 praeterea

73 3060 258 3143 λεγομένων
282 3076 389 3121 errore
411 3055 531 3137 scribit,
553 3054 580 3118 Β
602 3060 689 3120 recte
713 3054 907 3137 λεγομέναις
929 3061 964 3120 ut
986 3054 1022 3119 P.
1066 3054 1162 3122 Unde
1182 3057 1282 3140 igitur
1303 3057 1330 3120 B

71 3160 265 3245 λεγομέναις
289 3155 438 3240 accepit?
474 3156 559 3221 Nam
581 3175 623 3221 ex
641 3156 679 3238 V,
703 3158 760 3239 qui
781 3157 880 3222 aliam
902 3154 1001 3221 habet
1023 3159 1246 3242 corruptelam,
1270 3158 1331 3224 hoc

70 3259 200 3344 quidem
223 3261 293 3324 loco
315 3257 346 3323 U
369 3258 487 3340 corrigi
509 3278 574 3322 non
594 3263 730 3340 poterat.
769 3258 828 3323 Sin
850 3264 958 3324 autem
980 3278 1022 3324 ex
1044 3259 1070 3324 P
1091 3260 1144 3324 vel
1167 3261 1232 3324 alio
1248 3261 1331 3326 eius-

71 3362 145 3428 dem
168 3360 298 3444 generis
319 3359 402 3425 libro
417 3357 585 3424 Urbinatis
607 3359 777 3424 lectionem
800 3358 989 3441 corrigebat,
1013 3380 1070 3424 our
1090 3382 1155 3426 non
1177 3362 1274 3427 etiam
1292 3361 1330 3449 dl,

70 3464 155 3529 illud
177 3461 310 3528 intulit?
332 3460 467 3526 Accedit
489 3458 576 3543 quod
597 3459 624 3524 B
646 3460 675 3524 si
697 3466 798 3524 totum
821 3467 946 3545 spectes
969 3480 1041 3525 cum
1056 3462 1082 3526 P
1098 3463 1220 3527 nullam
1236 3463 1333 3528 habet

71 3565 247 3631 lectionum
268 3562 523 3645 similitudinem,
548 3560 674 3627 accedit
696 3561 784 3644 quod
805 3561 868 3626 hac
889 3562 1015 3626 ratione
1034 3581 1072 3627 eo
1087 3564 1153 3627 iam
1168 3562 1333 3629 delabere·

72 3687 160 3749 mur,
191 3672 227 3731 ut
255 3665 336 3731 duos
364 3664 532 3750 archetypi
561 3671 755 3730 correctores
785 3663 915 3728 adrem
938 3664 1209 3746 simplicissimam
1231 3665 1334 3749 expli-

73 3767 212 3833 candam
234 3766 470 3832 adhiberemus.
510 3767 609 3832 Estne
632 3766 705 3831 luce
727 3766 855 3849 clarius,
877 3766 911 3830 in
934 3767 1093 3830 communi
1115 3765 1261 3832 codicum
1276 3768 1334 3833 UB

74 3869 251 3953 archetypo
275 3867 314 3955 δὴ
338 3869 491 3934 omissum
512 3869 623 3950 fuisse,
651 3868 845 3953 λεγομέναις
867 3873 903 3933 ut
924 3869 959 3933 in
981 3869 1156 3953 archetypo
1180 3875 1249 3933 erat
1270 3890 1335 3934 ser·

73 3991 169 4037 vasso
191 3970 233 4052 B,
264 3971 300 4036 in
329 3971 514 4056 λεγομένων
544 3970 726 4054 corrupisse
756 3969 809 4036 U?
831 4008 871 4015 -
894 3971 933 4034 In
956 3968 1010 4036 Or.
1032 3971 1049 4035 I
1071 3974 1192 4054 §uad
1223 3973 1335 4054 optimi

74 4072 150 4138 libri
178 4073 350 4157 praebent:
380 4077 503 4160 μυρίας
526 4073 630 4150 ἄλλος
652 4076 748 4150 τινος
770 4077 880 4153 ἔχοντι
903 4078 963 4137 etc.
1007 4073 1093 4138 Num
1115 4093 1193 4138 casu
1215 4072 1335 4138 factum

75 4182 133 4258 est,
157 4181 193 4240 ut
216 4175 251 4240 in
273 4173 432 4240 Urbinatc
454 4175 559 4252 ἄλλος
581 4181 653 4258 post
675 4178 771 4251 ιινοὶς
792 4180 1062 4258 transponeretur,
1085 4176 1120 4239 in
1135 4175 1161 4240 Β
1177 4176 1336 4241 omittere-

75 4284 136 4342 tur.
181 4277 315 4342 Minime
336 4296 421 4342 vero.
452 4276 517 4342 Sed
538 4278 573 4342 in
596 4277 772 4361 archetypo
794 4276 899 4354 ἄλλας
921 4296 1020 4361 supra
1041 4278 1161 4344 lineam
1184 4279 1336 4363 scriptum

77 4386 161 4460 erat,
189 4377 276 4464 quod
299 4385 331 4444 et
353 4379 522 4444 omittendi
544 4386 576 4444 et
597 4378 830 4462 transponendi
851 4378 1012 4445 vocabula
1033 4399 1133 4446 causa
1154 4401 1224 4448 esse
1246 4383 1337 4448 solet.

78 4479 133 4548 Or.
155 4481 201 4548 IV
233 4486 345 4564 116,2
377 4489 477 4568 χορὸν
511 4482 662 4547 omissum
691 4481 725 4544 in
753 4482 900 4566 margine
928 4482 1134 4566 suppleverat
1162 4485 1338 4550 communis

131 4589 188 4632 nro.
205 4589 224 4632 1.
1115 4583 1132 4636 b
