3068 5160
604 328 741 384 ORATIO
759 329 808 385 111.
1301 333 1342 390 43

80 511 156 581 ταῖς
179 503 327 578 δικαίαις
351 502 524 589 πράξεσιν.
570 507 709 566 ἕκαστόν
725 524 761 586 γε
783 507 848 590 μήν
871 511 938 568 τῶν
953 507 1046 568 θεῶν
1064 504 1238 568 ἱλάσκεται
1252 509 1337 569 κατά

83 589 154 694 [τήν
177 616 239 669 τοῦ
259 600 356 690 θεοῦ]
380 603 530 686 δύναμιν.
566 612 699 692 ήγεῖται
721 604 758 668 δὲ
780 609 839 691 τήν
861 609 922 685 μὲν
945 609 1065 693 ἀρετήν
1087 610 1258 693 ὁσιότητα,
1282 612 1341 695 τήν
1352 613 1392 675 53

82 709 117 773 δὲ
139 713 257 772 κακίαν
280 717 395 770 πᾶσαν
418 709 586 788 ἀσέβειαν,
632 707 721 771 εἶναι
747 709 810 791 γάρ
841 710 970 790 ἐναγεῖς
997 712 1054 772 καί
1080 708 1274 796 ἀλιτηρίους
1298 705 1335 774 σί·

79 817 182 891 μόνον
204 814 283 886 τούς
305 812 347 872 τά
372 812 445 894 ἱερά
470 808 641 884 συλῶντας
662 811 682 894 ή
708 807 865 891 λέγοντάς
887 831 922 872 τι
944 808 1146 897 βλάσφημον
1170 816 1249 896 περὶ
1271 821 1337 876 τῶν

42 927 57 976 5
79 915 182 991 θεῶν,
206 911 291 975 ἀλλά
315 911 403 975 πολύ
426 910 554 993 μᾶλλον
577 915 656 986 τούς
678 933 714 974 τε
738 910 870 986 δειλούς
884 915 941 975 καί
956 911 1092 988 ἀδίκους
1106 917 1163 976 καὶ
1182 919 1338 1000 ἀκρατεῖς

79 1019 135 1079 καί
156 1018 320 1100 ἀνοήτους
341 1017 398 1077 καί
418 1011 571 1076 καθόλου
593 1017 672 1089 τούς
688 1016 839 1076 ἐναντίον
855 1036 889 1076 τι
905 1017 1118 1098 πράττοντας
1132 1026 1174 1102 τῇ
1189 1040 1224 1080 τε
1241 1017 1336 1081 δυνά-

79 1141 137 1199 μει
156 1121 214 1181 καί
235 1115 396 1202 βουλήσει
418 1123 485 1178 τῶν
499 1117 602 1178 θεῶν.
649 1108 687 1178 οὐ
710 1120 813 1196 μόνον
838 1114 873 1178 δὲ
896 1121 1028 1202 ήγεῖται
1043 1119 1158 1196 θεούς,
1182 1117 1267 1181 ἀλλά
1282 1125 1337 1184 καί
1349 1125 1388 1183 54

81 1219 246 1301 δαίμονας
267 1222 323 1282 καί
345 1222 459 1304 ήρωας
475 1220 628 1300 ἀγαθούς
647 1219 708 1292 τάς
723 1225 790 1280 τῶν
805 1219 947 1300 ἀγαθῶν
964 1217 1095 1304 ἀνδρῶν
1110 1222 1223 1302 ψυχάς
1237 1243 1337 1301 μετα-

80 1320 252 1403 βαλούσας
275 1325 310 1384 ἐκ
332 1332 391 1408 της
414 1324 543 1407 θνητῆς
567 1323 719 1405 φύσεως·
747 1328 848 1382 τοῦτο
872 1318 907 1381 δὲ
930 1322 1072 1401 βεβαιοῖ
1089 1324 1126 1382 τό
1152 1319 1259 1404 δόγμα
1284 1316 1389 1403 οάχ55

26 1436 58 1486 10
83 1428 200 1509 ήκιστα
220 1420 440 1508 χαριζόμενος
464 1421 563 1504 αὐτῷ.

165 1528 224 1611 τήν
258 1547 294 1588 τε
323 1534 390 1588 τῶν
419 1526 614 1608 ἀνθρώπων
641 1521 839 1603 ἐπιμέλειαν
868 1517 906 1586 οὗ
935 1528 1104 1610 πάρεργον
1135 1519 1213 1588 οὐδὲ
1237 1529 1336 1607 ἀσχο-

82 1625 156 1688 λίαν
184 1624 295 1701 ἀλλως
324 1631 509 1706 νενόμικεν,
546 1628 773 1711 βαρυνόμενος
803 1625 898 1706 οἶμαι
928 1628 989 1702 τάς
1019 1626 1221 1713 φροντίδας,
1251 1627 1336 1691 ἀλλά

79 1728 175 1811 ἔργον
211 1730 316 1789 αὑτοῦ
345 1731 401 1791 καί
435 1734 550 1815 τέχνην
579 1731 712 1814 ταύτην.
777 1730 834 1791 καί
861 1731 941 1791 όταν
970 1733 1031 1810 μὲν
1061 1728 1143 1792 ἀλλο
1177 1753 1211 1793 τι
1240 1741 1335 1817 ποιῇ,

80 1820 177 1891 οὐδὲν
210 1835 342 1915 ήγεῖται
377 1829 566 1894 σπουδαῖον
605 1823 682 1892 οὐδὲ
722 1837 789 1892 τῶν
826 1831 928 1893 αὑτοῦ
966 1835 1145 1917 πράττειν·
1183 1837 1263 1896 όταν
1301 1832 1335 1896 δὲ

24 1943 55 1992 15
78 1932 287 2016 ἀνθρώπους
321 1931 454 2018 ὠφελῇ,
490 1936 566 1995 τότε
595 1929 725 2013 νομίζει
760 1936 798 1995 τό
833 1941 1005 2018 προσηκον
1041 1933 1238 2012 ἀποτελεῖν,
1278 1938 1336 1997 άτε

77 2035 144 2094 1ὑπό
174 2032 234 2095 του
263 2037 422 2116 μεγίστου
451 2033 537 2097 θεοῦ
567 2037 707 2114 ταχθείς
740 2037 801 2098 ε’πί
828 2033 929 2096 τοῦτο
959 2038 997 2097 τό
1027 2039 1139 2121 ἔργον,
1177 2029 1205 2119 ᾧ
1239 2039 1336 2099 ἀπει-

80 2135 156 2197 θεῖν
185 2136 223 2196 οά
252 2137 357 2216 θέμις
394 2134 490 2199 οὐδὲν
522 2135 598 2199 οὐδὲ
635 2139 823 2216 ἀχθεσθαι.
875 2132 946 2222 [άτε
976 2143 1214 2224 προσηκούσας
1244 2138 1334 2221 αὐτῷ
1347 2138 1387 2198 56

78 2233 222 2316 νομίζων
251 2239 312 2312 τάς
343 2233 556 2322 εόεργεσίας].
609 2231 720 2313 οὐδεὶς
748 2241 810 2321 γάρ
841 2241 928 2301 οὕτω
956 2239 1106 2320 μαλακός
1136 2233 1213 2303 οὐδὲ
1238 2239 1336 2327 φιλή-

10 2355 64 2408 σει)
81 2336 178 2413 δονος
204 2340 243 2414 ὃς
274 2332 333 2419 οῖχ
360 2338 480 2424 ήδεται
508 2349 550 2425 τῇ
579 2342 683 2402 αὑτοῦ
711 2339 851 2425 πράξει,
880 2343 941 2404 κάν
969 2345 1048 2427 τάχη
1076 2346 1260 2418 ἐπίπονος·
1290 2346 1337 2417 ὡς

23 2457 55 2506 10
78 2443 198 2525 ήκιστα
226 2444 288 2521 μὲν
314 2444 515 2527 κυβερνήτης
537 2440 613 2526 (liv)
635 2444 826 2528 ἀχθεσθείη
857 2449 930 2518 τοῖς
960 2447 995 2506 ἐν
1024 2443 1179 2530 θαλάττῃ
1204 2450 1335 2521 πόνοις,

77 2546 197 2627 ήκιστα
221 2542 257 2606 δὲ
280 2547 426 2629 γεωργός
448 2549 522 2619 τοῖς
544 2548 624 2630 περί
644 2548 808 2631 γεωργίαν
824 2547 945 2630 ἔργοις,
969 2549 1089 2630 ήκιστα
1107 2545 1142 2610 δὲ
1157 2554 1336 2633 κυνηγέτης

78 2646 130 2719 οἷς
154 2643 210 2708 δεῖ
232 2648 395 2731 θηρῶντα
424 2650 577 2727 κάμνειν·
606 2650 719 2710 καίτοι
743 2645 877 2733 σφόδρα
900 2650 961 2727 μὲν
984 2651 1152 2711 ἐπίπονον
1180 2652 1334 2733 γεωργία,

79 2746 212 2832 σφόδρα
237 2746 272 2810 δὲ
295 2752 482 2834 κυνηγεσία.
529 2752 567 2811 οὐ
582 2753 647 2836 μήν
671 2746 822 2826 ἀπαξιοῖ
838 2752 877 2810 τό
893 2753 1030 2830 κάμνειν
1045 2753 1101 2813 καί
1117 2748 1386 2830 ἑνοχλεῖσθαιὸῖ

76 2857 143 2911 τῶν
166 2847 278 2912 ἀλλων
301 2854 418 2928 ἕνεκεν,
443 2848 519 2912 οὐδὲ
542 2854 645 2935 ταύτῃ
665 2856 779 2936 χεῖρον
802 2855 965 2936 πράττειν
988 2855 1167 2932 νενόμικεν,
1194 2853 1254 2913 ἐὰν
1277 2849 1334 2935 δέη

20 2966 52 3016 25
77 2948 259 3025 πλείστους
289 2953 390 3012 αὐτόν
412 2953 598 3031 ἀνέχεσθαι
627 2957 753 3028 πόνους
774 2956 831 3015 καί
860 2951 1005 3016 πλεῖστα
1032 2957 1215 3039 πράγματα
1238 2955 1333 3034 ἔχειν.

79 3050 142 3135 ὁρᾷ
164 3054 226 3136 γάρ
249 3056 303 3114 ότι
325 3061 500 3131 πανταχοῦ
519 3057 557 3115 τό
580 3052 713 3135 βέλτιον
735 3065 797 3118 τοῦ
816 3059 957 3140 ήττονος
978 3054 1093 3133 ἔταξεν
1117 3058 1234 3130 όθεός
1250 3076 1334 3141 προ·
1345 3060 1386 3122 62

165 3225 176 3273 1
196 3219 269 3289 μετὰ
288 3215 339 3290 τήν
356 3219 381 3273 V
466 3223 482 3272 2
499 3216 551 3290 τήν
569 3251 601 3259 -
619 3225 691 3278 θεοῦ
708 3223 773 3275 secl.
791 3221 856 3291 Wil,
875 3222 935 3277 coll.
953 3222 1019 3277 Hes.
1038 3223 1089 3292 Op.
1109 3230 1137 3277 et
1153 3222 1188 3280 D.
1206 3228 1257 3279 336

76 3297 145 3361 θοδ
162 3300 258 3373 μόνον
276 3297 310 3362 οδ
327 3303 404 3359 UBV
498 3299 567 3360 4τά
585 3320 637 3359 om.
654 3306 729 3361 UBV
832 3310 989 3362 exarante
1005 3304 1138 3365 καθόλου
1157 3309 1253 3365 om.V

78 3395 92 3441 1
110 3391 200 3444 malim
218 3385 305 3454 θεοὺς
321 3384 430 3457 (εἶναι)
516 3392 531 3442 8
550 3383 683 3460 ἀγαθοὺσ
700 3394 764 3457 post
780 3392 919 3458 δαίμονας
937 3392 1091 3460 transponit
1108 3393 1189 3449 Dind.
1207 3394 1334 3463 probabi-

76 3475 137 3529 liter
205 3471 447 3547 μεταβαλλούσασ
464 3473 539 3538 libri,
557 3489 627 3528 corr.
647 3472 747 3529 Reiske
818 3480 848 3531 10
866 3481 930 3545 post
947 3471 1026 3552 αὑτῷ
1042 3478 1140 3532 iterum
1157 3479 1216 3533 hiat
1233 3480 1333 3545 orati03

76 3559 196 3627 alioquin
213 3560 386 3615 scribendum
405 3565 477 3613 esset
495 3555 546 3632 τήν
563 3559 593 3617 δὲ
681 3564 712 3615 12
731 3553 797 3617 ἀλλ’
815 3556 894 3628 ἀςΡ
985 3558 1152 3633 νενόμικεΡ
1242 3569 1273 3618 16
1291 3558 1335 3620 ὦσ

76 3661 126 3712 pro
145 3634 167 3720 ᾧ
186 3645 211 3699 V
317 3650 347 3698 17
367 3642 511 3716 ἄχθεσθαι
529 3635 580 3701 άτε
597 3641 804 3716 προσηκούσασ
822 3641 900 3715 αὐτῷ
917 3649 1044 3717 νομίζων
1063 3641 1157 3705 οὐδείσ
1180 3651 1232 3701 etc.
1258 3649 1335 3704 UBV

76 3726 221 3800 ἄχθεσθαι
238 3721 290 3787 ἀτε
308 3727 515 3804 προσηκούσασ
533 3724 628 3788 αὐτῶν
645 3731 773 3799 νομίζων
790 3727 845 3788 τάσ
862 3728 999 3803 ἐργασίας
1017 3735 1111 3789 ουδείσ
1129 3731 1218 3786 etc.P
1236 3722 1289 3790 άτε
1302 3764 1334 3774 -

77 3812 215 3887 ἐργασίας
232 3816 284 3870 del.
303 3816 378 3870 Geel.
396 3809 564 3888 εὐεργεσίας
581 3814 678 3883 scripsi
695 3830 731 3869 ex
749 3815 818 3870 coni.
890 3819 922 3870 18
941 3810 1038 3873 οὕτωσ
1055 3817 1105 3873 UB
1167 3818 1199 3869 20
1217 3811 1254 3873 ἀν
1271 3818 1333 3872 add.

76 3900 178 3955 Jacobs
231 3905 261 3954 21
281 3903 346 3973 περὶ
357 3903 504 3972 γεωργίασ
517 3902 566 3956 UB
619 3905 651 3954 22
664 3893 708 3957 ὥσ
719 3893 765 3957 ἀεί
775 3899 802 3956 V
814 3895 849 3956 δν
861 3905 905 3958 δεῖ
914 3901 962 3956 UB
975 3901 1019 3958 είσ
1028 3894 1073 3960 ἀεὶ
1086 3903 1115 3968 P,
1128 3917 1199 3956 corr.
1212 3902 1291 3971 Emp.

77 3989 176 4060 θηρῶν
192 3981 295 4055 κάμνει
310 3985 332 4038 Ρ
401 3991 434 4041 23
453 3981 521 4058 οὔγε
538 3981 594 4057 μήν
611 3986 633 4039 P
684 3991 748 4054 post
764 3989 916 4058 κυνηγεσία
935 3986 1048 4042 excidit:
1064 3983 1199 4060 (σφόδρα
1218 3979 1270 4045 οὖν
1287 3992 1335 4044 καί

76 4071 224 4143 βασιλεία)
318 4074 352 4124 24
368 4066 506 4142 πράττων
524 4072 556 4137 V,
574 4071 638 4125 item
655 4071 690 4137 U,
708 4072 756 4126 sed
773 4092 815 4128 ων
831 4078 965 4127 mutatum
982 4073 1010 4126 in
1028 4093 1071 4130 ειν
1176 4077 1208 4126 25
1228 4067 1334 4130 αὖτοὺσ

77 4149 234 4227 ἀνέχεσθαι
246 4155 271 4210 V
289 4148 381 4212 αδτδσ
398 4149 589 4228 ἀναδέχεσθαι
601 4155 650 4210 UB
719 4154 814 4212 πόνοσ
826 4157 851 4212 U
920 4161 984 4224 post
995 4151 1070 4227 ἔχειν
1082 4158 1144 4212 libri
1161 4174 1255 4214 ornnes
1267 4159 1335 4213 haec

78 4242 191 4296 habent:
217 4235 275 4317 δρᾷ
296 4237 352 4314 γάρ
375 4244 425 4297 καί
449 4236 503 4298 τὸν
519 4233 601 4313 ήλιον
618 4233 739 4298 οδδενδσ
755 4239 866 4299 ἐλάττω
884 4238 1015 4307 (ἔλαττον
1032 4242 1067 4304 V)
1089 4247 1148 4299 ταῖν
1165 4247 1244 4300 θεῶν
1262 4239 1334 4300 ὄντα

76 4324 159 4385 (ὄντα
176 4343 230 4382 om.
252 4327 337 4392 UBV)
357 4320 410 4384 ουίι
427 4320 609 4398 ἀχθόμενον,
629 4325 656 4383 εἰ
672 4328 816 4399 σωτηρίας
832 4323 929 4383 ἕνεκεν
941 4321 1108 4399 ἀνθρώπων
1128 4331 1177 4384 καί
1193 4330 1263 4400 βίου
1281 4325 1335 4386 τὸν

78 4412 169 4468 αἰῶνα
186 4407 392 4481 διαπράττεται
410 4407 505 4468 πάντα
524 4402 580 4468 δσα
598 4408 732 4484 πράττει·
751 4425 820 4480 quae
832 4411 945 4466 seclusit
958 4411 1046 4481 Emn,
1065 4413 1099 4482 ξς
1112 4416 1209 4469 58—61
1225 4419 1289 4483 post
1301 4418 1333 4469 85

77 4501 260 4566 transponens
278 4495 314 4551 ci.
334 4498 395 4564 §73
405 4512 445 4566 sq.
535 4500 567 4550 16
587 4490 663 4575 ὁρᾴσ
679 4495 756 4563 libri3
774 4511 844 4551 corr.
862 4496 942 4566 Emp.
