3068 5160
545 347 833 404 PROLEGOMENA.
1244 348 1323 404 XXV

57 520 277 586 Laurentiano
306 539 416 586 oarere
445 541 613 605 possumus
640 522 718 606 quia
739 521 872 605 propius
894 540 992 604 quam
1014 519 1045 584 H
1068 518 1111 585 ad
1133 520 1319 587 Palatinum

60 620 197 688 uooedit.
235 621 322 687 Satis
343 623 443 704 igitur
465 624 533 706 erit,
557 623 654 688 hosoe
676 629 741 688 tres
762 622 858 688 buius
880 622 1009 704 generis
1030 621 1130 688 libros
1153 622 1195 688 ad
1211 644 1321 690 reoen·

59 723 195 790 sendum
216 723 354 790 Dionem
381 724 553 790 adbibere:
585 724 699 807 HPW,
728 725 776 790 ita
796 729 847 806 nt,
876 723 933 789 ubi
955 722 1018 789 duo
1040 724 1153 790 horum
1175 725 1322 791 oodioum

59 832 189 909 praesto
211 832 295 910 sunt,
318 827 488 910 archetypi
509 825 682 890 leotionem
705 845 817 892 eruere
839 823 1040 910 studeamus,
1066 827 1101 891 in
1123 827 1238 894 oeteris
1260 827 1322 893 soli

60 927 211 992 Palatino
233 928 460 994 auotoritatem
482 926 669 993 tribuamus.

145 1029 196 1094 Ex
218 1029 259 1094 iis
282 1048 367 1115 quae
389 1029 496 1096 adhue
514 1027 750 1113 disputavimus
766 1030 885 1095 eluoet:
908 1027 1011 1093 tribus
1026 1026 1190 1094 oodioibus
1205 1030 1321 1096 Dionis

59 1132 245 1197 memoriam
261 1129 304 1196 ad
318 1151 377 1197 nos
391 1133 586 1217 pervenisse,
603 1132 778 1216 arohetypo
789 1131 852 1196 VM
867 1137 899 1196 et
915 1129 1091 1215 arohetypo
1106 1130 1165 1196 UB
1181 1132 1321 1196 omnium

59 1235 82 1299 i.
105 1253 133 1300 e.
156 1235 320 1317 ootoginta
348 1234 527 1300 orationum
549 1254 680 1318 eorpus,
703 1233 879 1317 archetypo
901 1232 1001 1297 PHW
1023 1232 1156 1315 triginta
1179 1234 1322 1317 quinque

60 1336 231 1402 orationes.
275 1336 346 1402 Iam
374 1355 414 1402 ea
442 1337 588 1421 quaestio
617 1336 732 1418 oritur,
762 1353 846 1419 quae
875 1332 919 1398 ad
946 1331 1178 1399 reoensendum
1205 1335 1322 1400 Dionis

60 1443 184 1504 textum
206 1437 259 1503 vel
281 1437 416 1502 maximi
437 1438 589 1504 momenti
611 1442 668 1520 est,
696 1434 854 1520 quomodo
875 1440 941 1501 tres
964 1435 1014 1501 illi
1037 1434 1166 1502 oodioes
1187 1437 1271 1502 inter
1286 1456 1321 1502 se

61 1540 264 1606 oohaereant.

143 1641 250 1724 Atque
278 1639 338 1704 hoo
366 1639 504 1724 primum
531 1659 664 1724 ponam,
696 1637 783 1723 quod
811 1638 934 1704 nemini
956 1637 1089 1705 dubium
1112 1659 1182 1706 esse
1204 1645 1320 1725 potest,

60 1761 258 1807 eommunem
272 1741 381 1806 trium
409 1741 563 1807 librorum
592 1740 802 1824 arobetypum
830 1759 895 1805 non
923 1760 995 1806 esse
1024 1743 1206 1827 exemplum
1235 1742 1321 1827 quod

58 1845 162 1928 ipsam
190 1843 329 1908 auotoris
359 1863 488 1908 manum
516 1842 570 1907 vel
597 1847 738 1908 aetatem
765 1842 925 1925 attigerit,
955 1841 1014 1908 sed
1038 1843 1138 1908 multo
1160 1845 1321 1911 reoentius

58 1945 232 2029 multisque
260 1944 327 2009 iam
355 1945 458 2010 omnis
486 1945 615 2026 generis
643 1942 833 2027 oomnptelis
860 1944 1076 2028 inquinatum.
1122 1944 1215 2024 Quod
1244 1952 1320 2012 ante

58 2049 205 2130 quintum
234 2046 400 2112 saeonlum
426 2065 491 2111 non
520 2047 682 2113 exstitisse
710 2044 848 2130 probare
876 2044 986 2111 studui
1014 2046 1048 2111 in
1076 2045 1216 2113 Hermae
1244 2053 1319 2114 tom.

143 2251 242 2315 Porro
265 2248 439 2333 quaeritur,
462 2255 568 2315 utrum
584 2270 624 2316 ex
640 2248 816 2333 arehetypo
834 2248 890 2313 illo
906 2249 1047 2314 omnium
1063 2250 1222 2315 eommuni
1237 2271 1321 2318 unus

59 2353 196 2436 quisque
206 2372 247 2416 ex
259 2350 361 2416 tribus
377 2371 457 2434 quos
472 2350 700 2433 indagavimus
715 2350 807 2416 libris
821 2351 954 2434 propria
968 2352 1178 2433 generatione
1190 2358 1320 2419 exortus

58 2456 110 2538 sit,
132 2460 168 2520 ut
189 2453 298 2519 nullus
313 2472 422 2518 eorum
437 2472 478 2518 ex
493 2453 582 2517 nullo
596 2451 747 2537 pendeat,
771 2473 814 2518 an
828 2453 935 2536 potius
951 2452 1014 2518 duo
1030 2473 1071 2518 ex
1086 2453 1153 2520 illis
1169 2455 1320 2520 artiorem

57 2558 141 2623 inter
163 2575 198 2621 se
221 2575 318 2639 quam
341 2574 413 2620 oum
428 2554 523 2619 tertio
538 2553 809 2620 nooessitudinem
825 2554 977 2620 habeant.
1011 2555 1118 2638 Atque
1133 2555 1319 2639 Emperium

58 2657 189 2742 quidem
211 2663 321 2722 notum
350 2661 398 2722 est
426 2655 513 2722 arob.
536 2655 621 2735 (VM)
651 2662 683 2722 et
711 2657 798 2722 arob.
822 2657 902 2738 (ΗΡ)
925 2656 1020 2721 alteri
1041 2654 1202 2738 familiae,
1232 2658 1319 2722 arob.

56 2759 140 2840 (UB)
162 2760 257 2826 alteri
278 2758 431 2825 tribuere.
463 2758 541 2824 Illos
564 2759 650 2823 enim
669 2756 749 2823 dioit
764 2758 913 2824 meliores
928 2757 1037 2839 libros,
1060 2757 1119 2823 hos
1135 2757 1319 2826 deteriores.

56 2863 101 2928 At
128 2862 281 2928 librorum
310 2860 396 2926 bona
423 2861 477 2926 vel
504 2860 606 2943 mala,
641 2860 776 2926 virtutes
806 2865 839 2925 et
866 2859 948 2924 uitia
975 2859 1058 2924 nihil
1091 2859 1153 2925 huo
1185 2860 1318 2927 faoiunt.

57 2963 230 3043 Quaeritur
252 2983 328 3028 num
350 2982 461 3028 verum
483 2961 653 3045 Emporias
682 2960 870 3044 crediderit,
900 2961 1093 3046 arohetypos
1123 2961 1207 3041 (ΥΜ)
1238 2963 1322 3042 (ΗΡ)

56 3067 163 3149 magis
190 3066 274 3130 inter
301 3083 337 3130 se
366 3068 521 3146 oognatos
544 3083 614 3129 esse
637 3065 670 3140 (i.
693 3083 721 3129 e.
744 3064 955 3130 reeentiorem
976 3063 1096 3130 habere
1119 3083 1319 3130 oommunem

57 3168 280 3252 arohetypum)
310 3186 407 3249 quam
437 3185 509 3230 oum
538 3167 714 3251 arohetypo
745 3166 837 3244 (ΠΒ).
887 3166 988 3231 Nulla
1014 3165 1110 3232 huius
1138 3167 1319 3232 sententiae

58 3276 251 3354 argumenta
265 3268 397 3352 protulit
412 3286 518 3351 neque
532 3273 665 3352 possunt
680 3267 824 3351 proferri.
854 3268 939 3333 Nam
955 3269 1011 3352 qui
1026 3269 1110 3334 bano
1125 3270 1320 3334 sententiam

58 3370 255 3453 defenderet,
278 3370 366 3435 looos
385 3368 517 3434 deberet
531 3367 673 3453 proferre
687 3368 744 3434 ubi
758 3376 914 3453 peooante
929 3369 1104 3453 arohetypo
1120 3370 1319 3454 ((VM)(PH))

58 3474 119 3539 soli
142 3472 201 3538 UB
229 3491 339 3538 veram
365 3471 536 3537 leotionem
558 3476 749 3537 servassent.
793 3471 908 3553 Neque
930 3471 1009 3536 satis
1032 3477 1117 3537 esset
1140 3471 1318 3554 ostendere,

58 3573 117 3640 UB
139 3575 225 3641 solos
247 3593 358 3640 veram
380 3573 500 3639 habere
521 3574 702 3653 leotionem,
725 3568 783 3636 sed
804 3577 933 3656 praeter
954 3570 1014 3637 hoo
1037 3570 1319 3638 demonstrandum

58 3682 143 3742 esset
165 3695 275 3742 veram
296 3675 467 3741 leotionem
490 3695 554 3740 non
570 3675 754 3740 oonieotura
769 3674 810 3741 ab
826 3674 884 3740 UB
899 3674 1038 3739 inveniri
1053 3673 1205 3757 potuisse.
1235 3674 1319 3739 Nam

57 3778 268 3862 arohetypum
280 3777 338 3842 UB
350 3783 475 3843 oonstat
488 3796 572 3861 quae
583 3797 649 3842 non
664 3777 867 3861 intellegeret
882 3773 1038 3841 audaoter
1051 3780 1175 3839 mutare
1190 3775 1319 3840 solitum

58 3898 139 3945 esse.
184 3879 233 3944 Ao
255 3879 370 3944 mirum
391 3878 534 3964 profeoto
557 3885 651 3961 esset,
675 3880 704 3946 si
726 3899 891 3964 nunqnam
913 3897 1025 3944 verum
1047 3876 1234 3942 invenisset.

144 3981 290 4064 Propono
313 3981 475 4063 igiturex
498 3981 559 4046 hoo
581 3981 744 4047 volumine
767 4001 821 4047 eos
843 3983 944 4065 looos,
967 3979 1024 4046 ubi
1047 3978 1105 4045 UB
1128 3984 1240 4044 oontra
1262 3979 1318 4045 ΥΡ

57 4101 136 4147 vera
164 4082 217 4147 vel
250 4082 348 4148 habet
376 4083 429 4148 vel
456 4081 575 4149 habere
602 4083 704 4167 possit
732 4082 852 4166 videri;
885 4102 925 4147 ao
951 4083 1088 4166 primurn
1111 4079 1241 4164 quidem
1264 4101 1319 4148 eos

56 4183 144 4250 looos
176 4182 323 4249 traotabo
355 4183 411 4250 ubi
443 4184 614 4251 leotionem
642 4184 698 4249 VP
732 4204 927 4268 quamquam
960 4182 1138 4268 depravata
1171 4181 1319 4248 videatur·

57 4293 166 4352 tamen
195 4305 216 4350 a
245 4285 387 4369 genuina
413 4285 551 4352 leotione
573 4287 705 4371 propius
727 4285 840 4352 abesse
862 4284 979 4350 iudioo.
1002 4285 1038 4350 P.
1062 4290 1126 4368 5,9
1150 4285 1249 4352 verba
1271 4287 1318 4371 τῷ

57 4391 246 4471 γε-βιοῦν
262 4386 317 4452 ΥΡ
335 4386 493 4452 omittunt.
527 4388 627 4453 Reate
649 4388 683 4452 ni
704 4386 814 4452 fallor!
844 4387 928 4451 Nam
950 4386 1176 4452 anteoedentia
1191 4407 1319 4472 quoque

56 4488 159 4555 verba
180 4488 397 4572 suspioionem
419 4495 548 4553 movent
570 4491 626 4569 (od
645 4493 806 4552 τάναντία
819 4523 853 4532 -
866 4491 1008 4575 φοβεῖν).
1043 4488 1135 4568 Quae
1155 4490 1240 4556 enim
1255 4489 1320 4555 Dio
