3068 5160
584 353 719 409 ORATIO
736 352 786 408 111.
1269 353 1307 408 51

55 530 158 607 μόνος
181 527 332 606 εὐτυχίαν
355 530 414 613 την
435 529 605 612 μεγίστην.
652 530 698 602 ὡς
720 530 846 590 ἐκεῖνον
869 524 1087 589 ἀθλιώτατον
1118 529 1180 608 ἐγώ
1208 529 1309 611 κρίνω

57 627 196 703 δικαίως
211 629 248 703 ἀς
262 631 297 690 ἐν
312 630 373 708 μὲν
388 634 464 703 ταῖς
482 633 674 713 συμφοραῖς
690 626 872 703 πλείστους
889 631 955 708 ἔχει
971 631 1050 702 τούς
1069 626 1308 714 ἐφηδομένους,

56 733 91 792 έν
116 726 150 790 δέ
179 735 255 804 ταῖς
285 730 452 809 εὐτυχίαις
482 727 600 791 οὐδένα
631 733 689 792 τόν
721 727 953 814 συνηδόμενον.
1007 721 1047 812 [ᾧ
1069 731 1131 815 γὰρ
1155 727 1313 792 πλεῖστοι
1330 731 1391 793 103

56 833 116 911 μὲν
138 833 194 893 καί
216 833 352 915 ἀριστοι
376 829 488 916 φίλοι,
521 828 685 918 δυσμενὴς
708 829 743 892 δὲ
769 829 996 916 φαυλότατος,
1025 831 1110 906 εἴτις
1138 834 1203 917 ἀρα
1227 834 1310 906 ἐστί,

18 949 32 996 5
56 935 111 996 καί
134 931 257 995 πολλοὶ
277 935 339 1013 μὲν
362 934 396 994 οἱ
418 934 625 1014 ἀγαπῶντες,
650 931 789 1008 πλείους
813 930 848 994 δέ
873 935 907 995 οἱ
928 936 1163 1010 ἐπαινοῦντες,
1194 938 1311 1016 ψέγειν

58 1032 93 1097 δὲ
118 1032 226 1109 οὐδεὶς
250 1032 442 1113 δυνάμενος,
466 1042 541 1110 πῶς
565 1037 583 1096 ὁ
605 1043 760 1110 τοιοῦτος
784 1037 821 1095 οὐ
845 1033 967 1110 τελέως
990 1032 1157 1114 εὐδαίμων
1165 1058 1176 1109 ,·
1208 1037 1227 1096 ό
1249 1035 1310 1117 γάρ

57 1144 210 1210 τοιοῦτος
244 1137 326 1222 ἀνὴρ
361 1133 509 1211 πολλοὺς
539 1140 599 1216 μὲν
627 1139 695 1216 έχει
723 1140 802 1212 τούς
833 1135 1091 1222 συνηδομένους,
1126 1134 1244 1198 οὐδένα
1276 1134 1311 1198 δὲ

57 1236 267 1324 ἐφηδόμενον
296 1239 352 1298 καὶ
381 1235 438 1298 διὰ
468 1241 506 1299 τὸ
536 1240 681 1318 εὐτυχεῖν
704 1231 762 1324 ἐφ’
789 1241 900 1300 ἅπασι
927 1241 984 1300 καὶ
1014 1236 1070 1300 διὰ
1098 1242 1136 1299 τό
1161 1235 1309 1312 πολλούς

58 1344 120 1420 μέν
146 1342 232 1418 ἔχειν
257 1336 393 1423 φίλους,
415 1337 542 1424 μηδένα
567 1333 772 1425 δὲ·έχθρόν.]
817 1343 846 1402 εί
870 1339 906 1402 δέ
930 1337 1109 1426 ὀφθαλμοί
1130 1336 1203 1418 (καὶ
1225 1337 1314 1406 ώταδ
1331 1341 1392 1402 104
1416 1332 1418 1335 ’

10 1457 35 1507 iii
57 1445 113 1504 καὶ
135 1440 265 1523 γλῶττα
288 1443 345 1502 καὶ
363 1447 473 1524 χεῖρες
495 1443 670 1526 ἀνθρώπῳ
695 1451 756 1504 τοῦ
777 1445 906 1517 παντὸς
934 1439 1013 1518 ἀξια
1039 1443 1076 1502 οὐ
1097 1445 1201 1521 μόνον
1224 1444 1311 1526 πρὸς

58 1546 97 1604 τὸ
121 1540 269 1626 ἥδεσθαι
292 1538 408 1618 ζῶντα,
432 1540 516 1603 ἀλλά
541 1541 712 1606 δύνασθαι
736 1540 801 1630 ζῆν,
826 1547 953 1605 τούτων
977 1544 1034 1604 οὐκ
1052 1541 1201 1620 ἔλαττον,
1225 1540 1309 1604 ἀλλά

58 1647 115 1706 καὶ
141 1641 268 1724 μᾶλλον
298 1641 394 1730 φίλοι
420 1646 590 1729 χρήσιμοι.
638 1643 693 1706 διὰ
722 1649 783 1725 μέν
811 1647 873 1730 γὰρ
900 1652 967 1707 τῶν
996 1643 1189 1731 ὀφθαλμῶν
1210 1640 1309 1724 μόλις
1330 1646 1391 1706 105

59 1748 140 1829 ὁρᾶν
163 1748 237 1807 ἔστι
258 1746 299 1807 τό
322 1743 492 1825 ἐμποδών,
517 1743 573 1808 διὰ
598 1744 633 1808 δέ
656 1754 723 1808 τῶν
747 1745 856 1832 φίλων
878 1749 935 1809 καὶ
956 1748 997 1822 τοὶ
1021 1748 1080 1809 ἐπὶ
1101 1755 1160 1832 γῆς
1183 1750 1309 1829 πέρασι

10 1855 42 1906 Hi
57 1848 222 1909 θεᾶσθαι.
259 1849 315 1909 καί
339 1845 394 1909 διὰ
417 1850 477 1926 μέν
501 1856 567 1909 τῶν
590 1851 685 1910 ώτων
702 1850 759 1910 οὐκ
775 1851 815 1911 ἀν
831 1870 883 1923 τις
899 1850 1042 1909 ἀκούσαι
1056 1850 1076 1932 ἢ
1092 1856 1159 1909 τῶν
1176 1845 1309 1933 σφόδρα

10 1953 33 2004 15
55 1949 205 2030 ἐγγύθεν,
238 1946 293 2010 διὰ
329 1946 364 2010 δέ
398 1956 464 2010 τῶν
499 1951 701 2012 εὐνοούντων
736 1948 871 2024 οὐδενὸς
904 1957 971 2011 τῶν
1001 1951 1189 2031 ἀναγκαίων
1222 1951 1309 2009 ὅπου

57 2047 184 2134 δηποτε
214 2051 355 2135 ἀνήκοός
383 2053 466 2111 ἐστι.
511 2053 567 2111 καὶ
595 2059 636 2134 τῇ
663 2054 724 2130 μὲν
752 2048 881 2134 γλώττῃ
909 2054 1027 2130 μόνοις
1057 2056 1131 2124 τοῖς
1160 2057 1309 2134 παρούσι
1329 2051 1390 2112 106

58 2153 231 2236 σημαίνει,
259 2153 316 2213 καὶ
344 2156 419 2225 ταῖς
446 2153 578 2235 χερσίν,
609 2154 639 2212 εἰ
661 2155 717 2214 καί
747 2149 880 2237 σφόδρα
905 2151 956 2236 εἴη
985 2155 1159 2236 καρτερός,
1191 2152 1248 2212 οὐκ
1271 2152 1311 2212 ἀν

56 2256 237 2337 έργάσαιτο
262 2250 381 2314 πλεῖον
404 2255 499 2336 ἔργον
521 2276 541 2336 η
567 2246 620 2313 δύ’
646 2251 791 2337 ἀνδρῶν·
816 2251 872 2315 διὰ
897 2252 932 2316 δὲ
955 2262 1022 2315 τῶν
1039 2251 1148 2339 φίλων
1172 2251 1312 2315 δύναται

54 2355 112 2415 καί
134 2362 241 2416 πᾶσιν
265 2355 468 2438 ἀνθρώποις
492 2351 714 2435 διαλέγεσθαι
736 2357 792 2417 καί
807 2359 944 2418 πάντων
960 2357 1064 2440 ἔργων
1081 2357 1310 2441 ἐφικνεῖσθαι.

10 2463 32 2515 λθ
55 2459 89 2517 οἱ
111 2457 173 2540 γὰρ
198 2458 389 2530 εὐνοοῦντες
413 2459 524 2517 πάντα
541 2458 653 2538 ἐκείνῳ
673 2461 887 2542 συμφέροντα
902 2460 958 2519 καὶ
975 2455 1108 2539 λέγουσι
1122 2460 1179 2519 καί
1195 2455 1309 2542 δρῶσι.

54 2562 92 2620 τὸ
128 2556 163 2620 δὲ
195 2556 232 2643 δὴ
264 2560 401 2619 πάντων
431 2555 719 2637 παραδοξότατον,
752 2561 809 2620 ένα
838 2560 899 2643 γάρ
932 2561 1011 2621 όντα
1040 2563 1187 2643 ἐγχωρεῖ,
1216 2561 1310 2631 ὅστις
1330 2559 1389 2620 107

54 2657 257 2745 πολύφιλος,
282 2656 392 2720 πολλά
415 2663 475 2738 μέν
498 2662 533 2721 ἐν
556 2658 666 2740 ταύτῴ
688 2663 796 2743 χρόνῳ
821 2663 994 2743 πράττειν,
1019 2663 1098 2743 περὶ
1113 2657 1249 2720 πολλῶν
1273 2656 1308 2719 δὲ

54 2764 124 2842 ἀμα
147 2758 391 2842 βουλεύεσθαι,
423 2758 532 2822 πολλὰ
557 2759 593 2823 δὲ
617 2763 708 2844 όρσῖν,
733 2759 843 2822 πολλὰ
868 2759 903 2822 δὲ
927 2763 1075 2839 ἀκούειν,
1105 2764 1140 2823 έν
1167 2756 1310 2832 πολλοῖς

56 2861 92 2926 δὲ
116 2866 185 2943 ἅμα
209 2863 297 2925 εἶναι
319 2867 451 2940 τόποις,
476 2864 565 2926 δκαὶ
587 2867 660 2937 τοῖς
675 2863 775 2938 θεοῖς
786 2861 946 2943 χαλεπόν,
971 2866 1017 2938 ὡς
1034 2861 1193 2948 μηδαμοῦ
1205 2859 1309 2946 μηδὲν

10 2980 29 3030 5
54 2966 179 3050 ἔρημον
202 2963 461 3027 ἀπολείπεσθαι
484 2975 543 3052 της
566 2967 692 3026 ἐκείνου
717 2966 890 3048 προνοίας.
934 2968 990 3027 καὶ
1009 2966 1120 3026 τοίνυν
1137 2965 1195 3043 οὐχ
1209 2963 1308 3050 ἦττον
1329 2965 1390 3028 108

55 3068 181 3129 αἰτῶν
211 3065 320 3152 φίλων
349 3068 537 3128 εὐπάθειαι
566 3069 624 3128 τόν
654 3068 786 3148 ἀγαθόν
816 3069 1007 3152 πεφύκασιν
1035 3067 1228 3151 εὐφραίνειν
1251 3073 1309 3151 τῆς

54 3169 160 3229 αὐτού
180 3189 272 3242 τινος
295 3173 457 3251 τέρψεως.
504 3175 578 3242 πῶς
600 3168 662 3251 γάρ
687 3169 724 3228 οὐ
740 3171 957 3250 μακαριστόν,
980 3171 1045 3248 ότῳ
1064 3170 1210 3252 πάρεστι
1226 3163 1309 3227 πολ-

142 3405 156 3456 2
176 3395 218 3457 nin
236 3400 267 3457 ἐν
285 3402 305 3454 Ρ
414 3405 428 3452 3
449 3392 471 3474 ᾧ
489 3397 545 3474 γὰρ
567 3432 593 3438 -—
614 3398 719 3470 μηδένα
738 3399 767 3455 δὲ
784 3396 893 3470 ἐχθρόν
910 3399 1023 3466 seciusi3
1046 3399 1147 3454 oblitus
1168 3402 1210 3452 est
1226 3399 1308 3451 inter·

52 3486 161 3554 polator
179 3501 233 3539 non
252 3487 286 3540 de
303 3501 366 3552 rege
384 3485 428 3537 hic
446 3484 497 3550 agi,
516 3481 563 3535 sed
582 3482 614 3536 de
632 3484 758 3538 amicitia.
799 3485 866 3537 Inde
882 3484 918 3536 ab
938 3477 954 3538 ὃ
972 3479 1030 3555 γὰρ
1048 3487 1181 3548 τοιοῦτος
1198 3483 1311 3536 seclusit

51 3571 105 3624 iam
123 3570 251 3625 Reiskius
337 3566 558 3640 4φανλότατοσ
575 3583 627 3622 om.
646 3566 722 3623 UBV
823 3564 904 3623 οὐτισ
922 3567 970 3622 UB
1080 3565 1157 3623 ἐστίν
1173 3567 1224 3622 UV

52 3651 283 3724 6δόυνόμενοσ
301 3657 350 3710 UB
420 3651 714 3721 ’λσννειόομένουσλί
780 3650 844 3708 9δὲ
861 3652 936 3720 prius
954 3651 1047 3706 om.P
1102 3654 1151 3706 καὶ
1169 3640 1229 3706 ὦτα
1247 3649 1308 3705 add.

53 3740 163 3795 Geelius
248 3746 372 3812 γλῶτται
390 3739 463 3795 UBV
553 3743 584 3792 10
604 3732 770 3809 ἀνθρώπων
788 3735 858 3801 libri,
878 3752 947 3790 corr.
966 3737 1046 3806 Emp.
1066 3739 1225 3789 cunctanter

56 3831 84 3878 11
106 3828 220 3893 ζῶντασ
237 3825 308 3888 libri,
327 3843 396 3880 corr.
415 3824 494 3892 Emp.
515 3827 605 3877 cunct.
704 3826 765 3890 ζεῖν
782 3822 807 3876 U
905 3821 1090 3876 scribendum:
1114 3812 1180 3877 ἀλλ’
1199 3809 1309 3890 (ὥστε)

53 3904 193 3966 δύνασθαι
280 3905 351 3968 ἀλλά
369 3914 479 3979 μᾶλλον
496 3915 559 3969 (om.
577 3911 636 3975 καὶ)
653 3907 729 3963 UBV
817 3913 847 3961 13
866 3904 900 3964 τὰ
918 3905 965 3963 έιιί
983 3911 1036 3978 yria
1054 3905 1129 3961 UBV
1147 3900 1181 3962 τὰ
1200 3905 1232 3961 έν
1249 3913 1310 3968 τοῖς

52 3994 143 4065 γῆςΡ
212 3994 376 4066 πέραοινλί
447 3999 478 4047 14
495 3990 660 4050 θεάσασθαι
678 3992 753 4047 UBV
826 3997 854 4043 15
874 3985 1080 4063 οἷναγγαίωνΡ
1145 3985 1310 4062 ἀναγκαίων

52 4084 116 4148 post
133 4075 239 4150 δήποτε
258 4079 486 4147 transponendum
505 4085 547 4133 est
634 4082 665 4131 16
683 4078 760 4132 ἐστιν
778 4076 827 4130 UB
896 4072 1011 4148 γλώσσῃ
1028 4075 1100 4130 UBP
1179 4080 1208 4130 18
1227 4070 1308 4146 έργιί·

54 4183 134 4222 σεται
152 4165 178 4220 V
195 4160 349 4236 ἐργάσηται
367 4164 416 4218 UB
488 4169 518 4218 19
537 4154 709 4237 ἀνθρώποιο
728 4177 779 4216 om.
798 4163 823 4216 U
900 4160 928 4213 in
947 4161 969 4213 P
988 4161 1107 4224 dubium,
1126 4154 1309 4230 ἀφικνεῖσθαι

53 4265 89 4304 an
106 4250 286 4320 ἐφικνεῖσθαι
304 4266 320 4301 a
339 4266 379 4316 pr.
398 4265 433 4302 m.
451 4250 487 4303 sit
556 4252 588 4302 20
606 4246 724 4304 έκεῑνων
741 4247 762 4298 Ρ
839 4250 868 4299 21
889 4243 1079 4316 ἐγχωριοστισ
1097 4245 1122 4298 V
1192 4247 1223 4298 23
1242 4246 1308 4315 περὶ

53 4339 170 4392 πολλῶν
188 4335 217 4392 δὲ
237 4330 310 4406 ὁρᾶν
327 4334 398 4397 libri,
417 4349 486 4388 corr.
508 4333 614 4388 Geelius
676 4335 710 4385 24
727 4326 770 4387 ὡσ
788 4348 840 4386 om.
858 4330 884 4384 V
901 4333 949 4385 καὶ
967 4345 1016 4398 pro
1036 4323 1079 4384 ὥσ
1097 4329 1146 4384 UB
1216 4333 1247 4382 26
1266 4323 1308 4386 εὐ-

54 4422 169 4493 φραίνει
193 4420 214 4473 Ρ
319 4422 367 4488 τῆς
395 4435 453 4471 cum
481 4438 558 4482 τινος
587 4432 680 4470 vereor
707 4421 738 4470 ut
765 4416 891 4482 coniungi
917 4415 1004 4482 possit
1115 4419 1146 4468 27
1174 4430 1224 4484 pro
1252 4412 1309 4486 γὰρ

54 4505 177 4560 desidero
197 4497 248 4562 οὐν

1072 4587 1104 4637 4*
