3068 5160
236 325 296 386 122
705 323 826 380 motus
845 296 1011 379 τουτωί

320 502 539 585 ἐπιχειρήσας
554 500 616 583 γάρ
633 501 690 560 τὸν
706 495 855 578 πόλεμον
871 500 981 560 εἰπεῖν
993 501 1049 560 τὸν
1062 501 1239 581 γινόμενον
1251 506 1325 576 τοῖς
1338 493 1484 580 Ἀχαιοῖς

236 607 322 689 πρὸς
351 604 429 677 τούς
455 606 587 687 Τρῶας,
618 593 677 662 οὐκ
704 592 810 675 εὐθὺς
831 598 955 685 ἤρξατο
980 602 1049 663 άπδ
1073 611 1132 687 τῆς
1154 603 1272 689 ἀρχῆς,
1304 593 1381 664 άλλ>
1408 603 1484 664 ὅθεν

236 707 363 784 έτυχεν·
393 705 411 765 δ
435 711 576 765 ποιοῦσι
599 705 724 776 πάντες
748 705 782 763 οἱ
804 701 1011 784 ψευδόμενοι
1035 701 1161 783 σχεδόν,
1185 703 1413 785 ἐμπλέκοντες
1434 707 1485 766 καί

237 805 497 892 περιπλέκοντες
530 807 586 867 καὶ
622 797 726 866 οὐθὲν
756 802 957 886 βουλόμενοι
985 803 1091 888 λέγειν
1121 803 1259 893 ἐφεξῆς·
1294 807 1398 892 ἦττον
1427 807 1484 890 γάρ

236 905 420 994 κατάδηλοί
442 910 544 970 εἰσιν·
569 910 599 969 εί
623 905 658 970 δὲ
681 909 737 993 μη,
760 899 822 968 ὑπ’
842 909 1021 969 αὐτοῦτοῦ
1035 910 1233 992 πράγματος
1248 905 1484 990 ἐξελέγχονται.
1504 923 1514 972 ί

186 1019 227 1080 25
236 1019 335 1072 τοῦτο
360 1007 395 1071 δὲ
419 1007 503 1072 ίδεῖν
526 1012 600 1072 ἔστι
617 1011 673 1072 καὶ
689 1012 811 1084 ἐντοῖς
828 1007 1058 1095 δικαστηρίοις
1072 1011 1128 1072 καὶ
1143 1003 1227 1095 παρ’
1246 1008 1367 1086 άλλοις
1382 1015 1484 1094 γιγνό-

236 1134 351 1193 μενον,
383 1113 417 1174 οί
437 1113 521 1192 μετὰ
545 1117 660 1197 τέχνης
682 1109 878 1192 ψεύδονται.
925 1113 958 1173 οἱ
981 1109 1016 1173 δὲ
1039 1110 1240 1193 βουλόμενοι
1262 1115 1304 1175 τά
1326 1116 1484 1195 γενόμενα

237 1212 423 1292 ἐπιδεῖξαι,
455 1217 502 1288 ὡς
530 1212 646 1298 ξυνέβη
671 1217 831 1290 ἕκαστον,
861 1212 1256 1296 οὕτωςάπαγγέλλουσι,
1286 1219 1325 1279 τδ
1352 1225 1485 1300 πρῶτον

238 1326 374 1402 πρῶτον
395 1319 451 1378 καὶ
473 1318 511 1376 τό
537 1313 690 1400 δεύτερον
714 1313 869 1399 δεύτερον
890 1317 947 1378 καί
969 1313 1074 1378 τάλλα
1098 1315 1220 1404 ἐφεξῆς
1243 1320 1382 1398 ὁμοίως.
1454 1321 1484 1381 ἐν
1524 1370 1526 1374 .

236 1424 296 1502 μέν
330 1429 429 1482 τοῦτο
460 1417 569 1480 αἴτιον
598 1425 660 1478 τοῦ
686 1419 730 1502 μη
761 1418 845 1479 κατά
876 1421 979 1503 φύσιν
1008 1416 1184 1502 ἄρξασθαι
1212 1429 1271 1506 τῆς
1300 1422 1486 1505 ποιήσεως
1506 1431 1524 1481 1ο

238 1526 350 1607 ἕτερον
375 1519 420 1599 δέ,
444 1525 497 1583 δτι
519 1523 578 1606 την
601 1521 703 1605 άρχην
727 1520 828 1605 αὐτῆς
845 1522 901 1582 καὶ
916 1523 954 1581 τὸ
970 1517 1066 1596 τέλος
1080 1519 1228 1601 μάλιστα
1244 1519 1485 1604 ἐπεβούλευσεν

188 1626 408 1710 λδάφανίσαι
428 1625 485 1685 καὶ
508 1631 653 1708 ποιῆσαι
676 1625 735 1707 την
757 1623 911 1684 ἐναντίαν
934 1619 1035 1699 δόξαν
1053 1624 1138 1708 ὑπὲρ
1156 1625 1273 1686 αὐτῶν.
1313 1625 1398 1687 ὅθεν
1416 1626 1528 1690 οδτεοιι

237 1728 296 1811 την
325 1727 427 1810 άρχην
458 1725 532 1786 οὔτε
561 1727 599 1786 τά
628 1721 725 1798 τέλος
754 1721 937 1809 ἐτόλμησεν
966 1726 1076 1787 εἰπεῖν
1103 1727 1139 1786 ἐκ
1161 1733 1222 1787 τοῦ
1243 1727 1383 1803 εὐθέος,
1415 1725 1486 1788 οὐδὲ

236 1831 400 1907 ὑπέσχετο
429 1828 514 1911 ὑπὲρ
543 1828 670 1887 τούτων
701 1823 796 1888 οὐδὲν
825 1828 928 1909 ἐρεῖν,
963 1819 1039 1888 ἀλλ’
1072 1825 1107 1888 εἴ
1132 1846 1199 1888 που
1227 1830 1284 1890 καί
1312 1833 1487 1914 μέμνηται,

239 1935 416 2015 παρέργως
449 1931 505 1990 καὶ
533 1929 700 2012 βραχέως,
735 1930 792 1990 καὶ
822 1924 921 2013 δῆλός
950 1931 1042 1991 ἐστιν
1071 1931 1322 2013 ἐπιταράττων·
1362 1932 1400 1992 οδ
1429 1931 1487 2014 γάρ
1505 1947 1525 1996 ιο

238 2033 381 2116 ἐθάρρει
410 2033 497 2115 πρὸς
527 2030 609 2091 αὐτά
639 2027 714 2090 οὐδὲ
744 2027 883 2091 ἐδύνατο
912 2032 1022 2093 εἰπεῖν
1051 2033 1204 2111 ἐτοίμως.
1251 2029 1486 2114 συμβαίνειδέ

236 2137 414 2196 καὶτοῦτο
437 2137 510 2206 τοῖς
533 2129 758 2214 ψευδομένοις
781 2135 827 2206 ὡς
849 2135 887 2193 τδ
911 2130 999 2194 πολύ
1021 2153 1067 2215 γε,
1091 2131 1176 2196 άλλα
1199 2139 1259 2214 μέν
1282 2157 1360 2197 τινα
1385 2133 1487 2216 λέγειν

237 2244 298 2297 τοῦ
320 2237 518 2319 πράγματος
539 2236 596 2296 καὶ
619 2231 805 2318 διατρίβειν
827 2226 886 2295 ἐπ’
906 2236 1030 2312 αὐτοῖς,
1054 2228 1122 2298 δδ>
1141 2238 1181 2298 άν
1196 2234 1345 2316 μάλιστα
1361 2240 1489 2322 κρύψαι

237 2335 398 2412 θέλωσιν,
427 2337 464 2396 οδ
489 2336 736 2421 προτιθέμενοι
759 2333 911 2417 λέγουσιν
935 2335 1011 2399 οὐδὲ
1035 2343 1238 2422 προσέχοντι
1260 2339 1308 2422 τῴ
1332 2341 1488 2424 ἀκροατῇ,

240 2429 312 2501 οὐδ’
344 2441 379 2500 ἐν
413 2446 454 2522 τῇ
489 2440 593 2499 αὑτοῦ
616 2439 710 2521 χώρᾳ
746 2439 916 2516 τιθέντες,
946 2432 1021 2501 ἀλλ’
1048 2442 1094 2514 ὡς
1123 2442 1163 2502 άν
1194 2438 1301 2504 λάθοι
1329 2439 1528 2522 μάλισταίο

238 2543 294 2603 καί
321 2538 376 2603 διά
400 2548 499 2602 τοῦτο
522 2543 578 2602 καί
600 2543 653 2601 δτι
676 2540 900 2618 αἰσχύνεσθαι
923 2547 1023 2604 ποιεῖ
1040 2545 1078 2603 τδ
1103 2541 1230 2625 ψεῦδος
1251 2546 1308 2606 καί
1331 2545 1489 2605 άποκνεῖν

189 2648 229 2710 27
242 2648 423 2726 προσιέναι
446 2645 533 2726 πρὸς
556 2643 648 2719 αὑτό,
672 2639 782 2716 άλλως
804 2663 839 2704 τε
863 2646 943 2705 ὅταν
964 2624 987 2728 ᾖ
1010 2647 1090 2730 περὶ
1111 2653 1178 2708 τῶν
1193 2648 1372 2729 μεγίστων.
1410 2647 1489 2709 ὅθεν

242 2745 317 2809 οὐδὲ
346 2754 387 2830 τῇ
419 2753 516 2830 φωνῇ
541 2748 625 2825 μέγα
650 2740 802 2825 λέγουσιν
826 2747 860 2806 οἱ
881 2743 1104 2827 ψευδόμενοι,
1133 2751 1213 2810 ὅταν
1236 2750 1419 2811 ἐπὶτοῦτο
1443 2746 1490 2810 έλ-

240 2851 370 2910 θωσιν·
401 2849 435 2908 οί
458 2843 494 2907 δέ
516 2865 605 2919 τινες
628 2847 736 2907 αὐτῶν
758 2843 998 2931 βατταρίζουσι
1019 2851 1075 2910 καί
1098 2850 1242 2935 ἀσαφῶς
1265 2847 1437 2932 λέγουσιν·
1461 2852 1491 2913 οἱ

242 2949 277 3012 δέ
301 2952 358 3029 οὐχ
382 2951 428 3023 ὡς
452 2949 549 3009 αὐτοί
571 2969 604 3007 τι
627 2944 765 3025 εἰδότες,
789 2940 865 3009 ἀλλ’
891 2951 937 3023 ὡς
957 2954 1079 3034 ἐτέρων
1095 2952 1307 3027 ἀκούσαντες.
1348 2954 1386 3028 ὃς
1402 2944 1435 3016 δ’
1455 2957 1528 3016 άνά

241 3050 370 3136 άληθές
400 3048 475 3133 λέγη
505 3071 554 3125 τι,
584 3050 724 3133 θαρρῶν
752 3052 808 3111 καί
838 3048 933 3113 οὐδὲν
959 3050 1250 3133 ὑποστελλόμενος
1273 3052 1371 3138 λέγει.
1419 3058 1490 3119 οὔτε

242 3154 299 3216 οὖν
328 3154 369 3214 τά
399 3153 479 3236 περὶ
501 3153 559 3236 τὴν
583 3152 737 3237 άρπαγην
760 3161 818 3238 της
837 3145 965 3238 Ἑλένης
981 3146 1127 3239 Ὅμηρος
1150 3155 1278 3241 εἴρηκεν
1302 3160 1338 3219 ἐκ
1361 3167 1424 3221 τοῦ
1444 3161 1491 3222 εί-

241 3257 325 3329 θέος
344 3251 420 3316 οὐδὲ
441 3254 634 3338 παρρησίαν
653 3256 743 3334 άγων
761 3245 819 3314 ἐπ’
842 3246 957 3330 αὐτοῖς
978 3257 1052 3318 οδτε
1066 3253 1145 3338 (τά)
1157 3261 1236 3344 περί
1254 3268 1314 3345 τῆς
1334 3258 1492 3335 άλάσεως

240 3367 299 3444 της
315 3354 457 3430 πόλεως.
497 3356 609 3417 καίτοι
624 3358 696 3439 γάρ,
721 3357 767 3430 ὡς
783 3358 877 3441 ἔφην,
896 3355 1134 3442 ἀνδρειότατος
1150 3363 1195 3423 ὠν
1211 3361 1490 3426 ὑποκατεκλίνετο

241 3463 297 3522 καί
318 3464 457 3542 ηττᾶτο,
488 3460 541 3519 ότι
563 3449 639 3541 ίἤδει
662 3459 822 3520 τάναντία
847 3456 950 3540 λέγων
972 3466 1045 3535 τοῖς
1069 3461 1146 3523 οὖσι
1167 3464 1223 3525 καί
1245 3466 1283 3524 τδ
1306 3462 1492 3551 κεφάλαιον
1512 3474 1528 3523 θ

192 3564 324 3628 28αυτδ
353 3568 415 3622 τοῦ
439 3563 637 3644 πράγματος
658 3558 878 3641 ψευδόμενος.
986 3564 1005 3647 ἢ
1031 3564 1143 3625 πόθεν
1165 3561 1294 3643 μᾶλλον
1317 3563 1493 3652 ἄρξασθαι

242 3667 390 3748 ἔπρεπεν
418 3665 437 3747 ἢ
468 3654 531 3723 ἀπ’
564 3663 668 3723 αὐτοῦ
693 3670 755 3724 τοῦ
783 3660 989 3747 ἀδικήματος
1013 3666 1070 3726 καὶ
1092 3674 1151 3752 τῆς
1173 3667 1301 3752 ὕβρεως
1323 3677 1388 3731 τοῦ
1404 3661 1493 3732 Ἀλε-

328 3837 340 3884 1
360 3826 519 3902 γενόμενον
536 3822 582 3885 ὑπ’
593 3821 715 3898 λχαιοῑσ
734 3828 757 3883 U
811 3835 825 3882 6
844 3823 919 3901 παρ’
938 3825 1035 3896 ἄλλοις
1052 3846 1086 3885 ex
1104 3834 1173 3886 coni.
1193 3835 1300 3902 scripsi,
1318 3833 1413 3902 άλλως
1425 3836 1493 3901 libri,

241 3918 360 3986 Emper„
378 3920 484 3970 servato
503 3910 603 3978 άλλως,
623 3910 651 3968 οἳ
668 3914 695 3966 in
715 3904 748 3970 οὗ
766 3915 890 3969 mutabat
1014 3919 1028 3970 8
1048 3911 1081 3972 τὸ
1101 3921 1221 3986 πρῶτον
1237 3922 1287 3975 καὶ
1305 3917 1340 3976 τδ
1359 3917 1494 3991 δεύτερον

242 3996 343 4059 καὶτὰ
362 3996 477 4056 άλλαῩ
548 4003 577 4051 10
595 3997 648 4067 μὲν
667 3988 758 4054 οὖνΒ
830 4004 862 4053 14
879 4001 927 4055 καί
945 3999 1041 4056 om.V
1107 4005 1138 4054 16
1157 4001 1248 4059 εἰπεῖν
1266 4019 1300 4058 ex
1318 4005 1387 4062 coni.
1406 4007 1494 4076 posui,

241 4087 302 4141 libri
319 4083 397 4157 ἐρεῖν
485 4087 515 4137 18
534 4073 606 4138 ὅταν
618 4083 687 4149 libri,
706 4098 776 4138 corr.
790 4083 869 4153 Emp.
942 4090 972 4140 19
991 4088 1216 4157 προστιθέμενοι
1228 4088 1279 4145 ΠΤ
1349 4089 1380 4146 δέ
1397 4090 1493 4162 λέγον·

242 4190 287 4227 σιν
305 4170 352 4224 UB
450 4173 482 4222 20
502 4161 564 4224 οὐδ’
583 4165 614 4223 έν
632 4171 667 4238 τῇ
685 4162 756 4240 αὐτῇ
773 4169 843 4234 libri,
862 4185 931 4226 corr.
951 4171 1051 4227 Reiske
1129 4172 1271 4228 Fortasse:
1292 4174 1429 4242 τιθέντες,
1447 4179 1494 4232 καί

243 4252 285 4313 διὰ
299 4259 385 4311 τοῦτο
401 4244 444 4310 δτι
459 4243 550 4318 οὕτως
568 4247 606 4310 άν
624 4243 711 4309 λάθοι
728 4249 851 4321 μάλιστα
868 4257 917 4311 καί
931 4245 975 4312 δτι
989 4261 1040 4312 ete.
1054 4253 1141 4314 λάθοι
1154 4257 1227 4323 wil„
1246 4253 1368 4316 λάθοιεν
1379 4260 1444 4316 libri

243 4344 275 4393 22
294 4348 445 4410 προσεῖναι
463 4338 535 4393 BVU
554 4353 588 4392 m.
607 4353 648 4406 pr.
667 4340 745 4402 (corr.
764 4339 925 4410 προσιέναι)
979 4332 1245 4411 οὖθὲνριοδθενλί
1298 4347 1330 4397 2³
1350 4341 1493 4418 οίψευδό-

242 4444 330 4508 μενοι,
343 4440 395 4478 om.
413 4423 462 4479 υτ
558 4426 591 4476 τι
610 4414 773 4493 ούοιιύχτ
866 4417 1065 4496 ιοᾰιηοοσυ
1136 4431 1168 4482 οε
1187 4423 1222 4485 τὰ
1241 4427 1345 4484 addidit
1364 4429 1428 4484 wil.

245 4512 276 4562 30
296 4507 417 4563 0150ch
486 4511 519 4561 32
536 4504 736 4579 έπέτρεπενθ
