3068 5160
140 259 180 318 56
595 253 717 308 D10le
734 253 784 306 DE
802 252 928 306 REGNO

141 434 327 513 ἀνέχεσθαι
348 433 405 493 καί
428 437 536 512 ψῦχος
558 431 749 508 ὑπομένειν,
773 423 937 501 πολλάκις
961 423 996 487 δέ
1013 428 1069 487 καὶ
1086 423 1186 504 λιμοῦ
1199 428 1257 488 καὶ
1274 423 1397 508 δίψους

142 536 363 620 πειραθῆναι,
388 529 444 594 διὰ
469 529 504 593 δέ
528 533 586 616 τῆν
603 529 793 607 ἐπιθυμίαν
809 523 969 603 ἐθίζοντα
984 533 1156 611 καρτερεῖν
1170 519 1258 607 μεθ’
1277 524 1397 612 ῆδονῆς

60 642 121 704 137
142 639 179 698 οὑ
209 641 325 715 μέντοι
354 637 413 719 τῆν
438 653 475 715 γε
497 634 668 716 Περσικὴν
690 631 811 714 θήραν.
857 631 979 690 έκεῖνοι
1001 629 1146 712 μὲνγὰρ
1169 627 1395 714 παραδείσοις

140 735 397 818 περιλαβόντες,
428 737 532 796 ὁπότε
561 733 830 816 ἐπιθυμήσειαν,
863 732 978 813 ὥσπερ
1008 731 1043 790 ἐν
1072 727 1184 813 εἱρκτῇ
1215 733 1258 792 τὰ
1290 731 1394 816 θηρία

140 841 301 915 ἔκτεινον,
331 840 377 912 ὡς
404 839 487 921 μήτε
516 831 690 920 ζητοῦντες
720 838 837 894 πονεῖν
865 834 948 916 μῆτε
980 831 1024 892 αὑ
1043 828 1308 909 κινδυνεύοντες,
1339 834 1418 894 άτευ

140 942 269 1027 ἀσθενῆ
292 941 348 1001 καί
371 936 621 1017 δεδουλωμένα·
647 936 773 1014 ὁμοίιος
797 931 832 995 δέ
856 935 1048 1018 ἀφῃροῦντο
1072 936 1130 1018 τῆν
1148 936 1209 996 ἐπί
1224 933 1273 1016 τῴ
1291 937 1394 1018 εὑρεῖν

141 1042 205 1116 [τε]
220 1041 326 1124 χαρὰν
341 1043 397 1103 καί
412 1043 471 1126 τῆν
487 1041 546 1102 ἐπὶ
561 1036 608 1119 τῷ
626 1038 766 1121 φθάσαι
783 1033 933 1121 σπουδὴν
948 1036 1078 1120 κοίτην
1094 1036 1153 1096 ἐπὶ
1167 1033 1215 1117 τῴ
1230 1037 1394 1122 συμβῆναι

64 1148 124 1211 138
144 1143 299 1223 ἀγωνίαν.
334 1145 452 1223 ὅμοιον
475 1143 537 1226 γὰρ
560 1141 700 1202 ἐποίουν
725 1140 840 1221 ὥσπερ
864 1140 894 1199 εί
910 1134 1089 1216 πολεμικοὶ
1106 1139 1295 1221 φάσκοντες
1310 1136 1393 1199 εἶναι

141 1246 284 1330 ἀφέντες
314 1247 352 1305 τὸ
375 1249 449 1318 τοῖς
472 1239 651 1322 πολεμίοις
673 1240 848 1320 μάχεσθαι
870 1241 948 1312 τοὺς
971 1235 1205 1318 αἰχμαλώτους
1228 1237 1318 1300 οἴκοι
1341 1236 1392 1300 λα-

140 1347 257 1426 βόντες
279 1349 433 1407 ἔκτεινον.
1412 1349 1432 1400 1⁰

440 1730 493 1814 (4)
514 1726 667 1809 ΠΕΡΙ
690 1726 1041 1807 ΒΑΣΙΛΕΙΑΣ
1064 1729 1100 1804 Δ.
1403 1741 1446 1794 ιον

720 1885 818 1894 --,.

107 1999 122 2057 1
229 1991 323 2051 Φασί
345 2008 429 2050 ποτε
440 1977 661 2070 Ἀλέξανδρον
675 1989 832 2068 Διογένει
856 1982 1038 2065 συμβαλεῖν
1062 1986 1099 2045 οὑ
1123 1987 1213 2046 πάνυ
1229 2006 1264 2047 τι
1281 1983 1393 2064 σχολά-

143 2086 240 2167 ζοντα
268 2087 397 2176 πολλῆν
420 2091 537 2171 ἄγοντι
561 2084 690 2172 σχολῆν.
736 2083 776 2171 ἦν
798 2087 860 2170 γὰρ
885 2089 904 2146 ὑ
925 2089 986 2166 μὲν
1008 2083 1167 2166 βασιλεὺς
1189 2085 1393 2149 Μακεδόνων

142 2194 256 2254 τεκαὶ
278 2189 389 2254 ἄλλων
412 2189 558 2267 πολλῶν,
583 2192 601 2250 ό
624 2187 659 2251 δὲ
684 2190 792 2274 φυγὰς
815 2191 851 2250 ἐκ
872 2191 1041 2272 Σινώπης.
1080 2195 1184 2249 ταῦτα
1209 2187 1245 2250 δέ
1265 2186 1393 2272 λέγουσι

141 2295 197 2355 καί
225 2295 396 2378 γράφουσι
426 2291 592 2367 πολλοίκ,
622 2294 680 2352 τόν
700 2283 918 2374 Ἀλέξανδρον
951 2291 1008 2368 οὑχ
1036 2290 1136 2374 ῆττον
1164 2287 1393 2372 θαυμάζοντες

141 2397 197 2456 καὶ
220 2397 447 2472 ἐπαινοῦντες,
471 2399 524 2458 ότι
546 2395 717 2455 τοσοότιον
740 2394 850 2474 ἄρχων
872 2393 929 2452 καί
950 2398 1017 2453 τῶν
1035 2393 1111 2452 τότε
1126 2396 1287 2474 μέγιστον
1304 2391 1393 2455 δυνά·
1413 2386 1433 2435 ¹⁵

142 2517 243 2576 μενος
273 2497 330 2575 οὑχ
359 2496 535 2578 ὑπερεώρα
566 2497 711 2578 πένητος
742 2494 929 2576 ἀνθρώπου
962 2493 1141 2554 συνουσίαν
1164 2501 1242 2555 νοῦν
1265 2496 1394 2574 ἔχοντος

107 2600 198 2665 2καὶ
221 2595 404 2678 δυναμένου
426 2600 608 2680 καρτερεῖν.
648 2597 681 2656 ol
703 2595 764 2678 γάρ
784 2595 969 2677 ἄνθρωποι
981 2596 1140 2678 χαίρουσι
1156 2598 1259 2680 φύσει
1276 2599 1394 2671 πάντες

143 2704 334 2785 τιμωμένην
364 2702 507 2785 δρῶντες
537 2701 702 2783 φρόνησιν
731 2698 798 2758 ὑπό
830 2705 889 2782 τῆς
917 2698 1077 2780 μεγίστης
1105 2693 1263 2773 ἐξουσίας
1285 2720 1322 2761 τε
1344 2701 1394 2760 καὶ

146 2801 333 2882 δυνάμεως,
362 2803 448 2863 ὥστε
473 2801 510 2861 οὑ
532 2803 636 2878 μόνον
658 2796 792 2884 τάληθῆ
817 2795 1011 2882 διηγοῦνται
1034 2800 1201 2882 περὶτῶν
1224 2805 1392 2877 τοιοότων,

145 2901 230 2964 ἀλλὰ
262 2906 319 2965 καί
353 2905 449 2964 αὑτοὶ
479 2898 688 2962 πλάττουσιν
717 2897 1004 2985 ὑπερβάλλοντες,
1039 2906 1183 2985 προσέτι
1210 2904 1267 2964 καί
1295 2893 1432 2965 τάλλαί)

145 3007 392 3089 ἀφαιρούμενοι
415 3011 481 3064 τῶν
506 3004 691 3088 φρονίμων,
716 3002 787 3064 οἷον
807 3004 961 3087 χρήματα
984 3004 1041 3064 καί
1063 3004 1163 3082 τιμὰς
1184 3005 1242 3066 καί
1264 3008 1325 3091 τῆν
1341 3013 1395 3067 τοὺ

146 3108 303 3184 σώματος
326 3102 476 3182 δύναμιν,
507 3107 601 3178 ὅπως
625 3101 681 3165 διὰ
703 3107 808 3189 μόνην
833 3102 958 3181 δόξωσι
980 3105 1153 3184 τιμᾶσθαι
1174 3107 1234 3191 τῆν
1258 3103 1392 3183 ξύνεσιν,

109 3209 191 3280 3ὡς
216 3203 250 3266 δέ
274 3206 363 3279 είκδς
385 3207 526 3280 ἐκείνοις
547 3206 710 3287 γενέσθαι
733 3209 792 3292 τῆν
815 3204 992 3283 ξυνουσίαν
1012 3199 1172 3291 [ἑκείνην],
1196 3201 1330 3289 εἴποιμ’
1348 3211 1392 3285 ἄν,

143 3304 262 3392 ἐπειδὴ
286 3309 342 3368 καί
364 3311 567 3389 τυγχάνομεν
592 3304 712 3393 σχολὴν
733 3309 870 3390 ἄγοντες
886 3309 955 3368 ἀπό
972 3315 1038 3370 τῶν
1054 3306 1165 3371 ἄλλων
1181 3314 1392 3394 πραγμάτων.

230 3494 242 3542 1
264 3483 377 3560 φὺχουσ
393 3483 546 3559 ὑπομένειν
563 3491 589 3546 U
658 3485 767 3561 ψύχους
783 3503 834 3558 pro
852 3489 954 3560 δίψους
971 3487 1077 3552 UBVP,
1096 3503 1164 3542 corr.
1182 3504 1276 3559 apogr.
1294 3507 1349 3548 rec.

144 3578 159 3627 2
177 3574 306 3630 fortasse:
325 3568 361 3631 τδι
382 3573 411 3631 δὲ
429 3569 480 3645 τὴν
494 3567 634 3659 εὐθυμίαν
651 3572 822 3646 ἐρεθίζοντα
840 3573 940 3645 mou?
988 3576 1003 3625 5
1021 3566 1149 3629 ἔκτειναν
1166 3574 1243 3658 UBV.
1287 3579 1393 3650 ζητοῦν-

143 3679 199 3716 τασ
216 3658 291 3715 UBV
367 3655 405 3730 μή
424 3666 453 3715 τῖ
469 3659 504 3716 αὑ
522 3659 544 3713 Ρ
624 3655 838 3723 κινδυνεύοντας
854 3658 930 3713 UBV
998 3656 1099 3712 scribe:
1117 3655 1188 3729 μήτε
1207 3659 1243 3716 αὑ
1260 3653 1393 3719 κινόυνεί·

144 3813 203 3880 <ειν
220 3810 400 3878 κτείν>οντες
486 3817 499 3863 ῖ
519 3830 551 3868 τε
569 3827 620 3865 om.
639 3810 714 3866 UBV
777 3813 819 3883 τῷ
837 3813 977 3881 συμβῆναι
994 3811 1076 3878 UBV,
1095 3817 1136 3870 τιό
1146 3751 1327 3886 affimat
1344 3813 1365 3868 P

145 3901 159 3950 8
178 3895 272 3953 ἐποίει
290 3912 323 3950 ex
340 3892 459 3951 ἐποίουν
476 3896 501 3950 U
518 3911 553 3950 m.
572 3911 612 3963 pr.
631 3894 725 3951 ἐποίει
743 3895 822 3949 etiam
841 3901 978 3950 corrector
996 3896 1018 3949 B
1089 3903 1104 3952 9
1121 3894 1310 3969 ἐχμαλοίτουσ
1327 3899 1348 3952 Ρ

144 3981 187 4034 Ad
200 3981 299 4034 calcem
311 3979 435 4033 additur:
448 3974 534 4050 ἐγγὺσ
546 3976 752 4053 παραινετικόσ
764 3977 842 4036 ἐστιν
852 3976 958 4038 ὁποῖον
968 3976 1039 4037 εἶναι
1049 3985 1092 4038 δεῖ
1099 3977 1153 4039 τὸν
1160 3984 1281 4054 βασιλέα
1291 3985 1365 4040 UBV

146 4069 175 4119 13
196 4061 318 4121 σινάπισ
335 4064 359 4117 V
377 4080 411 4118 m.
426 4079 467 4131 pr.
523 4069 555 4118 14
572 4065 671 4119 lacuna
689 4072 750 4134 post
768 4068 874 4122 πολλοί
890 4068 929 4119 ita
945 4066 1047 4134 expleri
1058 4071 1161 4134 potest:
1179 4066 1251 4138 (τὸν
1263 4068 1393 4140 Διογένην

144 4141 283 4220 οἰχόμενοι
302 4151 351 4220 τῆς
368 4147 530 4222 παβρησίας
547 4149 612 4219 καί)
629 4146 682 4206 τὸν
700 4144 750 4206 m.
770 4156 836 4220 etc.;
856 4144 907 4222 οὑχ
924 4140 1026 4222 ἥκιστα
1044 4152 1180 4207 scribebat
1197 4153 1298 4208 Reiske

146 4237 177 4286 15
194 4230 212 4303 ἢ
229 4249 279 4301 pro
297 4235 345 4289 καί
362 4234 453 4303 priore
470 4236 520 4290 UB
608 4240 639 4288 19
658 4228 767 4306 τάληθῆ
784 4239 833 4292 καὶ
850 4231 1028 4307 ἧγοὺνταιλ
1124 4231 1196 4309 ὑπὲρ
1214 4239 1313 4294 τῶνΡ

145 4321 176 4369 20
195 4312 438 4389 ὑπερβαλλόντωσ
456 4319 505 4374 UB
575 4322 607 4372 23
626 4316 750 4376 ἐκείνοισ
767 4320 819 4376 del.
832 4321 925 4390 Emp.;
944 4322 992 4376 sed
1009 4325 1132 4388 praestat
1149 4322 1238 4377 delere
1254 4321 1364 4393 ἐκείνην

147 4403 300 4457 συνουσίαν
317 4402 343 4456 V
