3068 5160
206 276 225 335 8
671 274 793 329 DIONIS
812 273 863 327 DE
881 272 1008 329 REGNO

209 452 263 511 ότι
285 451 417 522 πάντας
433 448 641 531 ἀνθρώπους
665 446 797 530 ξυνάγει
811 451 868 510 καί
882 445 1041 529 βούλεται
1056 446 1144 509 εἶναι
1160 444 1319 532 ἀλληλοις
1337 443 1479 530 φίλους,

157 556 194 616 41
209 549 333 632 ἐχθρόν
347 547 382 611 δέ
395 551 414 634 ἢ
428 548 593 629 πολέμιον
608 548 734 635 μηδένα
749 545 936 635 <μηδενός>,
949 541 1084 623 Ἱκέσιος
1101 546 1136 610 δέ
1153 551 1199 623 ὡς
1215 550 1255 610 ἀν
1271 551 1425 633 ἐπήκοός
1442 567 1476 610 τε
1489 576 1526 628 (91

208 652 265 712 καί
285 647 383 725 ἵλεως
401 658 474 727 τοῖς
491 649 673 732 δεομένοις,
699 649 825 728 Φύξιος
849 650 884 714 δὲ
909 649 965 713 διά
988 653 1048 737 την
1070 658 1137 712 τῶν
1159 659 1268 713 κακῶν
1284 649 1476 736 ἀπόφυξιν,

209 747 331 826 Ξένιος
361 750 413 830 δέ,
444 758 497 817 ότι
524 757 701 817 καὶτοῦτο
731 756 812 839 ἀρχὴ
839 751 974 838 φιλίας,
1003 750 1089 836 μηδὲ
1117 759 1184 813 τῶν
1208 749 1310 829 ξένων
1334 749 1478 832 ἀμελεῖν

211 851 296 937 μηδέ
320 852 498 940 ἀλλότριον
521 857 685 941 ἡγεῖσθαι
705 852 832 939 μηδένα
848 856 1056 938 ἀνθρώπων,
1079 855 1230 939 Κτήσιος
1254 852 1289 917 δὲ
1304 858 1362 917 καί
1379 847 1511 917 'Em-5

211 956 368 1038 κάρπιος,
392 960 451 1020 ἀτε
474 966 541 1020 τῶν
563 965 702 1043 καρπῶν
727 956 837 1031 αἴτιος
858 959 915 1019 καί
938 954 1039 1040 δοτηρ
1062 954 1211 1018 πλούτου
1234 959 1290 1019 καί
1311 959 1478 1041 κτήσεως,

213 1056 250 1116 ού
274 1059 395 1133 πενίας
418 1058 494 1122 ούδδ
518 1062 682 1144 ἀπορίας,
713 1061 759 1133 ὡς
781 1060 885 1133 εύθύς
908 1060 1047 1132 ἁπάσας
1069 1061 1194 1133 ταύτας
1218 1056 1294 1121 δέον
1318 1060 1479 1122 ἕπεσθαι

160 1167 200 1227 42
211 1161 272 1233 τάς
289 1155 447 1242 δυνάμεις
463 1170 505 1246 τῇ
520 1170 582 1222 τοῦ
594 1159 762 1242 βασιλέως
779 1159 918 1240 δυνάμει
933 1181 969 1222 τε
990 1162 1046 1221 καί
1060 1157 1184 1245 κλήσει.
1292 1158 1397 1222 καλὸν
1419 1162 1479 1223 οόν
1520 1189 1522 1193 ⁴

213 1263 323 1325 είπεῐν
346 1265 432 1348 ὑπὲρ
456 1270 523 1323 τῶν
546 1259 632 1324 όλων
655 1271 714 1347 τῆς
738 1260 937 1347 διοικήσεως
960 1264 1082 1324 όποῖόν
1110 1264 1207 1344 γετό
1232 1259 1368 1342 ξύμπαν
1393 1264 1479 1325 αύτό

212 1385 248 1425 τε
272 1363 432 1444 εύδαιμον
454 1366 511 1425 καὶ
535 1367 643 1448 σοφόν
666 1365 720 1425 ἀεὶ
743 1361 986 1448 διαπορεύεται
1011 1366 1069 1426 τόν
1098 1366 1241 1448 ἀπειρον
1264 1366 1373 1425 αίῶνα
1400 1381 1477 1427 συν·
1499 1375 1522 1423 11

213 1473 296 1544 εχῶς
319 1467 354 1527 ἐν
378 1467 536 1550 ἀπείροις
558 1462 734 1549 περιόδοις
756 1466 840 1544 μετά
869 1474 980 1551 ψυχῆς
1008 1486 1044 1526 τε
1073 1466 1207 1551 ἀγαθῆς
1232 1468 1288 1528 καί
1312 1463 1480 1544 δαίμονος

215 1569 333 1648 ὁμοίου
363 1569 420 1629 καί
442 1568 608 1650 προνοίας
636 1569 693 1628 καί
722 1569 824 1652 ἀρχῆς
846 1576 906 1652 τῆς
929 1565 1145 1650 δικαιοτάτης
1174 1587 1209 1628 τε
1237 1568 1294 1629 καί
1322 1568 1479 1652 ἀρίστης,

213 1674 300 1753 ημᾶς
322 1690 359 1731 τε
382 1670 520 1749 ὁμοίους
543 1672 737 1752 παρέχεται,
759 1669 844 1730 κατὰ
869 1672 972 1754 φύσιν
993 1670 1107 1753 κοινὴν
1130 1671 1189 1753 την
1212 1671 1317 1730 αὑτοῦ
1336 1672 1480 1755 κοίτην

214 1775 378 1855 ἡμετέραν
406 1763 468 1856 ὑφ’
495 1773 544 1833 ἑνὶ
565 1770 686 1852 θεσμῷ
709 1773 765 1832 καί
793 1775 884 1852 νόμφ
908 1775 1175 1855 κεκοσμημένους
1201 1772 1258 1832 καί
1286 1779 1346 1855 τῆς
1374 1773 1480 1857 αὐτῆς

165 1877 416 1952 43μετέχοντας
439 1870 625 1947 πολιτείας.
671 1874 711 1957 ἡν
741 1875 842 1953 όμὲν
864 1880 971 1952 τιμῶν
999 1875 1055 1934 καί
1086 1869 1263 1957 φυλάττων
1291 1874 1349 1933 καί
1371 1871 1480 1957 μηδὲν
1500 1881 1523 1931 11

215 1977 367 2036 ἐναντίον
391 1978 550 2059 πράττων
572 1978 716 2054 νόμιμος
737 1977 794 2035 καί
815 1972 986 2060 θεοφιλὴς
1008 1976 1064 2035 καὶ
1085 1977 1236 2053 κόσμιος,
1260 1975 1279 2034 ό
1301 1971 1337 2034 δέ
1354 1977 1481 2059 ταράτ-

215 2097 282 2138 των
306 2079 386 2138 ύσον
408 2066 467 2161 ἐφ)
494 2075 602 2158 ἑαυτῷ
624 2078 681 2138 καὶ
704 2077 925 2159 παραβαίνων
946 2077 1003 2138 καί
1025 2076 1154 2157 ἀγνοῶν
1177 2077 1303 2153 ἀνομος
1324 2077 1384 2139 καί
1403 2079 1481 2138 ἀκο-

218 2195 312 2256 σμος,
343 2179 470 2256 ὁμοίως
499 2180 560 2257 μέν
590 2175 745 2262 ἰδιώτης,
776 2179 902 2257 δμοίως
926 2175 962 2238 δὲ
990 2179 1047 2238 καί
1074 2179 1184 2260 ἀρχων
1213 2172 1480 2257 ὀνομαζόμενος·

217 2277 305 2340 πολύ
329 2276 364 2340 δὲ
388 2274 511 2358 μείζων
532 2281 589 2340 καί
605 2284 822 2364 φανερωτέρα
839 2287 946 2340 πᾶσιν
962 2283 981 2362 η
1004 2281 1098 2363 παρά
1114 2288 1176 2340 τοῦ
1189 2282 1351 2364 ἀρχοντος
1367 2277 1480 2364 πλημ-

167 2391 208 2449 44
218 2377 345 2460 μέλεια.
393 2381 508 2464 ὥσπερ
533 2381 590 2441 οὖν
614 2383 690 2441 όσοι
715 2381 896 2463 στρατηγοί
917 2401 954 2442 τε
976 2382 1032 2442 καί
1054 2383 1212 2464 ἄρχοντες
1236 2379 1481 2464 στρατοπέδων
1501 2391 1525 2441 21

217 2484 274 2544 καί
296 2478 430 2543 πόλεων
452 2484 509 2543 καί
530 2483 652 2558 ἐθνῶν,
676 2484 770 2555 ὅστις
792 2483 832 2542 ἀν
855 2483 913 2542 τόν
938 2484 996 2543 σόν
1019 2479 1167 2560 μάλιστα
1188 2491 1334 2567 μιμῆται
1348 2488 1480 2568 τρόπον

218 2586 369 2658 καὶτοῖς
394 2589 467 2658 σοῖς
489 2585 612 2669 ἤθεσιν
635 2587 754 2662 όμοιον
777 2584 877 2644 αὐτόν
901 2585 947 2656 ὡς
971 2580 1111 2644 δυνατόν
1130 2586 1293 2668 φαίνηται
1308 2591 1479 2669 παρέχων,

220 2685 318 2761 ούτος
341 2688 381 2748 ἀν
406 2685 456 2770 εἴη
483 2687 538 2748 σοὶ
560 2688 697 2747 πάντων
721 2688 939 2769 ἑταιρότατος
960 2687 1017 2746 καὶ
1039 2683 1355 2770 προσφιλέστατος·
1387 2689 1420 2748 εί
1444 2685 1481 2749 δέ

219 2810 272 2864 τις
294 2790 447 2862 ἐναντίος
468 2791 524 2849 καί
547 2789 708 2866 ἀνόμοιος
730 2788 889 2867 γίγνοιτο,
914 2783 1053 2860 δικαίως
1076 2788 1116 2849 ἀν
1135 2791 1292 2869 τυγχάνοι
1313 2791 1481 2870 μέμψεώς

220 2912 255 2952 τε
278 2892 334 2952 καί
356 2891 494 2968 ἀτιμίας
515 2891 572 2950 καί
595 2890 697 2974 αὐτῆς
724 2908 760 2969 γε
783 2897 842 2973 τῆς
865 2889 968 2973 ἀρχῆς
996 2891 1077 2967 ταχύ
1104 2890 1254 2964 παυθεὶς
1276 2893 1525 2976 παραχωρη-εέ

168 3001 210 3059 45
223 3008 311 3054 σειεν
336 2997 464 3075 ἑτέροις
493 2991 649 3068 ἀμείνοσί
671 3011 707 3050 τε
735 2991 791 3051 καί
814 2991 951 3068 ἀμεινον
980 2987 1177 3069 δυναμένοις
1204 2989 1359 3054 διοικεῖν·
1390 2994 1479 3054 οὕτω

221 3087 259 3174 δὴ
283 3092 340 3151 καί
362 3097 429 3153 τῶν
451 3089 630 3172 βασιλέων,
655 3093 712 3152 ἀτε
736 3090 834 3171 οἶμαι
849 3092 943 3175 παρά
966 3094 1127 3166 τούΛιδς
1145 3095 1363 3179 ἐχόντωντὴν
1380 3090 1480 3156 δύνα-

219 3212 277 3269 μιν
300 3194 437 3278 κοίτην
461 3195 662 3278 ἐπιτροπήν,
687 3193 723 3267 δς
746 3195 806 3272 μὲν
831 3194 870 3255 ἀν
895 3197 982 3277 πρός
999 3197 1124 3256 ἐκεῖνον
1141 3191 1276 3275 βλέπων
1293 3188 1404 3278 [πρὸς]
1422 3199 1481 3258 τόν

308 3414 320 3464 1
333 3405 470 3482 βούλεται
484 3410 585 3481 φίλους
597 3406 669 3466 εἶναι
682 3403 815 3481 ἀλλήλοις
824 3426 864 3465 or.
877 3410 931 3464 XII
940 3409 1035 3464 melius
1088 3414 1104 3464 2
1115 3404 1215 3468 ούδένα
1230 3403 1347 3476 ούόενδς
1359 3427 1399 3466 er.
1411 3413 1481 3482 Xll;

222 3494 292 3549 unde
309 3490 456 3566 (μηδενός)
473 3496 595 3564 supplevi
704 3499 719 3547 3
738 3486 897 3562 ἀπόφευξιν
913 3494 989 3557 libri,
1008 3495 1056 3548 sed
1074 3494 1146 3549 conl.
1166 3511 1204 3549 or.
1223 3495 1276 3548 XII
1380 3502 1397 3550 4
1415 3498 1480 3553 fori.

223 3570 267 3635 δτι
288 3583 338 3635 καί
362 3574 492 3650 τούτο<υ>
515 3573 672 3652 ἀρχη<γδς,
696 3581 767 3648 τοῦ)
788 3580 857 3650 μηδὲ
875 3583 943 3643 ete,
967 3577 1057 3644 ξένιος
1081 3579 1111 3635 δέ
1130 3570 1176 3636 δτι
1199 3585 1242 3637 δεῖ
1257 3580 1327 3652 μηδὲ
1344 3585 1405 3637 τῶν
1425 3589 1480 3638 ete.

222 3680 261 3720 or.
284 3664 339 3718 XII
442 3662 642 3738 δάνύρωπον
664 3664 711 3718 UB
741 3658 908 3737 ἀνθρώπων
930 3663 1036 3734 μηδένα
1058 3679 1097 3717 or.
1122 3664 1175 3718 XII
1294 3661 1483 3734 θ’δυνάμεως

222 3764 271 3816 pro
289 3749 418 3819 κτήσεως
435 3766 475 3804 or.
494 3750 548 3802 XII
651 3748 820 3819 ’ίγενέσθαι
835 3748 910 3810 libri,
929 3763 987 3803 exe.
1006 3752 1033 3804 Ε
1135 3743 1283 3806 9ὃποῖόν
1300 3749 1375 3805 τελ7

223 3826 295 3890 αὐτό
314 3854 345 3890 τε
362 3830 418 3904 γὰρ
436 3834 494 3887 PW
513 3831 556 3889 ὠσ
573 3829 610 3889 ἀν
628 3827 719 3889 αύτύσ
736 3852 768 3888 τε
788 3832 810 3886 U
891 3837 921 3885 10
940 3829 975 3888 τὸ
995 3829 1129 3900 εύδαιμον
1146 3838 1195 3890 καί
1213 3839 1332 3908 σῶφρον
1344 3834 1393 3887 UB

221 3921 270 3974 καί
288 3911 333 3974 ἀεὶ
350 3919 408 3971 PW
461 3912 662 3989 διαπορεύηται
679 3916 728 3972 UB
784 3922 812 3970 11
832 3908 872 3972 ἵν’
890 3932 940 3984 pro
958 3915 1032 3972 ἐνί
1067 3915 1150 3990 τύχης
1167 3923 1201 3984 Ε,
1219 3920 1292 3974 Geel.
1311 3918 1346 3973 ef.
1360 3919 1446 3972 11145

225 4007 255 4056 12
281 4001 392 4071 ὁμοίωσ
415 4003 462 4056 UB
577 4005 607 4054 13
630 4020 661 4057 τε
685 4017 737 4055 om.
761 4000 797 4055 W
905 4006 934 4054 16
961 4002 1178 4073 κεκοσμημένοσ
1201 4003 1259 4056 PW
1371 4008 1402 4058 18
1433 4009 1485 4061 καί

223 4087 336 4141 om.UB
408 4091 438 4140 19
450 4086 575 4155 μείζωύ
644 4081 717 4142 πολὺ
736 4084 990 4157 τόδ-πλημμέλεια
1008 4093 1135 4155 suspecte
1203 4084 1410 4159 παράοοι.ΠΒ

225 4177 256 4226 20
276 4164 501 4248 ούνὴμάλιστα
520 4172 548 4224 in
564 4185 648 4238 marg.
667 4171 797 4238 supplP
884 4175 914 4224 21
940 4180 1066 4240 μιμεῖται
1084 4172 1135 4226 UV
1229 4176 1270 4227 23.
1290 4168 1485 4242 ἑταιρότατος

224 4257 307 4311 hebet
324 4273 359 4310 ex
376 4257 446 4311 Plat.
465 4256 547 4322 Gorg.
567 4255 639 4309 48111
656 4255 756 4308 Phaed.
777 4255 837 4309 89d
912 4259 943 4308 25
962 4275 994 4311 τε
1011 4271 1060 4323 pro
1079 4275 1112 4327 γε
1130 4255 1204 4311 UBV
1284 4260 1316 4310 26
1329 4250 1485 4325 ἀμείνοσίν

224 4342 298 4398 τελί
385 4345 426 4396 27.
444 4336 685 4412 ἐχόντων-τοῦ
702 4335 775 4396 Διδσ
793 4341 881 4409 suppl.
907 4355 990 4408 supra
1007 4340 1094 4394 lin.P
1182 4344 1215 4394 28
1233 4338 1308 4412 πρὸς
1326 4345 1399 4406 (ante
1417 4339 1485 4412 τὸν)

225 4428 267 4481 del
285 4426 363 4493 Wil.;
382 4427 441 4494 ipse
459 4420 512 4482 τὸν
529 4423 638 4482 ἐκείνου
656 4441 705 4493 pro
724 4420 778 4480 τὸν
796 4429 848 4482 τοῦ
866 4420 936 4490 Διὸς
953 4427 1120 4493 temptabam
