3068 5160
698 334 835 391 ORATIO
853 334 875 390 1.
1377 333 1415 392 15

159 513 387 602 ἡδρασμένος,
416 510 501 574 ἀλλὰ
523 514 719 591 κινούμενός
746 531 783 572 τε
811 511 868 571 καί
896 504 1053 584 ὀκλάζων.
1098 505 1138 593 ήν
1167 507 1203 571 δὲ
1232 498 1304 570 οὐδ’
1335 506 1417 570 ἀλλο
1430 513 1470 575 79

162 615 258 679 οὐδέν
281 619 317 678 έν
338 618 452 696 κόσμῳ
478 611 705 694 διακείμενον,
729 609 815 673 ἀλλά
838 613 925 695 πρὸς
949 607 1050 686 δόξαν
1074 614 1208 673 ἅπαντα
1228 613 1285 672 καί
1300 606 1387 687 ἀλαζ
1407 644 1419 654 -

161 721 254 781 νείαν
275 719 332 779 καί
353 718 493 802 τρυφήν,
517 713 628 778 πολλὰ
651 716 713 795 μὲν
737 722 900 799 σκῆπτρα,
924 710 1051 775 πολλαί
1073 710 1109 774 δὲ
1132 720 1247 798 τιάραι
1267 715 1324 775 καὶ
1347 711 1419 775 δια-

162 817 293 905 δήματα
317 820 377 880 ἐπὶ
398 826 458 903 τῆς
479 814 639 903 κεφαλῆς.
683 817 741 877 καί
763 813 802 902 δή
826 819 1014 899 μιμουμένη
1036 817 1075 876 τὸ
1091 817 1219 899 ἐκείνης
1240 812 1330 900 ήθος
1345 816 1421 877 ἀντὶ

122 935 136 982 ι
160 924 220 1002 μὲν
242 927 304 981 τοῦ
325 916 541 1004 προσφιλοῦς
562 915 788 998 μειδιάματος
810 919 973 979 ταπεινόν
995 918 1150 1001 ἐσεσήρει
1178 919 1235 979 καί
1259 915 1419 994 ὑπουλον,

163 1024 238 1084 ἀντί
260 1018 296 1083 δέ
319 1029 381 1082 τοῦ
404 1028 528 1100 σεμνοῦ
548 1017 741 1101 βλέμματος
765 1019 971 1102 σκυθρωπὸν
999 1020 1176 1104 ὑφεωρᾶτο
1205 1022 1261 1081 καὶ
1292 1022 1418 1104 ἀγριον.

166 1125 219 1185 ἵνα
249 1120 284 1184 δὲ
320 1124 478 1207 φαίνοιτο
507 1118 747 1205 μεγαλόφρων,
778 1121 816 1181 οὑ
847 1117 1062 1204 προσέβλεπε
1091 1124 1170 1196 τοὺς
1199 1124 1416 1205 προσιόντας,
1431 1123 1471 1186 80

164 1216 239 1286 ἀλλ’
272 1225 449 1308 ὑπερεώρα
478 1225 534 1285 καὶ
561 1217 728 1308 ήτίμαζεν.
774 1223 810 1282 έκ
840 1219 875 1283 δέ
904 1224 1024 1283 τοὺτου
1054 1229 1159 1284 πᾶσιν
1189 1225 1420 1308 ἀπηχθάνετο,

164 1328 297 1399 πάντας
320 1322 356 1386 δὲ
378 1326 524 1387 ὑπενόει.
568 1325 744 1408 καθημένη
769 1321 804 1384 δὲ
828 1318 1017 1407 ἀτρεμίζειν
1041 1325 1099 1385 οὑκ
1113 1321 1264 1402 έδὺνατο,
1286 1326 1420 1406 θαμινά

116 1441 140 1491 ιο
165 1424 200 1489 δέ
222 1424 329 1507 κύκλῳ
354 1423 559 1511 περιέβλεπε
579 1428 636 1487 καὶ
658 1423 811 1510 ἀνεπήδα
834 1423 999 1500 πολλάκις
1014 1427 1050 1487 ἐκ
1064 1434 1126 1487 τοῦ
1138 1428 1277 1510 θρόνου.
1322 1430 1360 1489 τό
1385 1425 1420 1489 δὲ

162 1529 300 1612 χρυσίον
331 1526 489 1606 αἴσχιστα
518 1525 703 1613 έφὺλαττεν
734 1531 769 1589 έν
792 1532 865 1601 τοῖς
886 1524 1045 1605 κόλποις,
1075 1526 1179 1591 πάλιν
1209 1527 1245 1591 δὲ
1267 1531 1422 1614 ἐρρίπτει

168 1631 363 1716 φοβηθεῖσα
387 1630 528 1712 ἀθρόον,
552 1622 616 1691 εἶτ’
642 1631 746 1704 εάθὺς
768 1625 916 1714 ήρπαζεν
939 1632 1003 1706 ό,τι
1025 1631 1096 1708 ἔχοι
1118 1652 1171 1705 τις
1193 1638 1260 1692 τῶν
1280 1634 1421 1715 παριόν-

167 1753 233 1793 των
253 1733 309 1793 καί
330 1733 369 1791 τό
391 1732 609 1815 βραχύτατον.
653 1736 673 1816 ή
698 1729 733 1792 δέ
749 1732 858 1816 έσθής
873 1728 1088 1816 παντοδαπή,
1111 1739 1210 1792 τοῦτο
1225 1735 1287 1811 μὲν
1302 1730 1469 1817 άλουρ-8ί

120 1830 278 1916 Μνγίδων,
302 1841 401 1894 τοῦτο
426 1830 462 1894 δὲ
487 1841 660 1919 φοινικῶν,
683 1841 782 1894 τοῦτο
807 1830 842 1894 δὲ
864 1840 1057 1917 κροκωτῶν·
1079 1829 1165 1917 ήσαν
1181 1831 1289 1895 δὲκαὶ
1312 1831 1423 1896 λευκοί

116 1947 143 1997 15
167 1955 256 2008 τινες
279 1938 480 2020 φαινόμενοι
501 1944 568 1998 τῶν
591 1932 749 1997 πέπλων·
774 1931 885 1996 πολλὰ
909 1931 945 1995 δὲ
967 1936 1024 1996 καί
1045 1939 1247 2019 κατέρρηκτο
1269 1944 1329 2021 τής
1347 1952 1421 1997 στο-

167 2032 234 2122 λῆς.
276 2039 438 2120 χρώματα
463 2035 498 2099 δέ
522 2035 728 2099 παντοδαπά
751 2039 858 2121 ήφίει,
883 2037 1075 2121 φοβουμένη
1098 2038 1155 2097 καί
1172 2038 1352 2118 ἀγωνιῶσα
1367 2040 1423 2099 καί

166 2138 360 2200 ἀπιστοῦσα
383 2141 439 2201 καί
462 2135 668 2223 ὀργιζομένη,
690 2141 747 2200 καί
762 2140 846 2198 ποτὲ
868 2140 928 2217 μὲν
944 2139 1011 2198 ὑπό
1036 2135 1145 2223 λὺπης
1159 2141 1314 2224 ταπεινή,
1338 2141 1422 2200 ποτὲ

168 2236 204 2301 δὲ
225 2229 287 2325 ὑφ’
312 2237 436 2327 ήδονής
456 2230 626 2325 μετέωρος
649 2244 792 2322 ἑωρᾶτο,
814 2241 871 2301 καί
892 2247 948 2301 νῦν
970 2241 1031 2319 μέν
1054 2237 1150 2321 ἐγέλα
1173 2239 1220 2322 τῴ
1244 2242 1420 2325 προσώπῳ

167 2343 256 2403 πάνυ
279 2339 445 2424 ἀσελγῶς,
477 2339 581 2403 πάλιν
612 2339 647 2404 δὲ
671 2343 775 2416 εάθὺς
797 2342 944 2426 ἐθρήνει.
989 2337 1029 2423 ήν
1053 2338 1088 2403 δέ
1117 2344 1174 2404 καὶ
1202 2339 1320 2422 ὅμιλος
1342 2344 1473 2425 περί82

116 2458 142 2508 20
167 2443 268 2529 αὑτήν
290 2450 454 2525 γυναικῶν
479 2440 574 2504 οὐδὲν
603 2445 747 2518 ἐκείναις
769 2445 914 2523 ὁμοίων,
943 2442 998 2517 αἷς
1023 2444 1110 2528 έφην
1138 2442 1227 2506 εἷναι
1255 2447 1335 2529 περὶ
1363 2447 1422 2530 τήν

166 2542 361 2622 Βασιλείαν,
391 2537 466 2606 ἀλλ’
494 2537 637 2630 Ὠμότης
665 2548 722 2608 καί
740 2537 855 2630 Ὕβρις
883 2547 940 2607 καί
963 2537 1103 2624 Ἀνομία
1132 2547 1188 2607 καί
1216 2548 1358 2622 Στάσις,
1387 2548 1424 2607 αί

167 2654 279 2708 πάσαι
302 2645 504 2733 διέφθειρον
527 2649 707 2733 αὐτήνκαὶ
734 2651 876 2709 κάκιστα
900 2643 1089 2708 ἀπώλλυον.
1135 2648 1210 2708 ἀντὶ
1238 2644 1273 2708 δὲ
1299 2645 1423 2721 Φιλίας

165 2746 336 2811 Κολακεία
367 2758 494 2835 παρῆν,
525 2746 763 2835 δουλοπρεπής
792 2751 849 2810 καί
874 2745 1112 2832 ἀνελεύθερος,
1144 2745 1301 2828 οὐδεμιᾶς
1322 2749 1423 2834 ήττον

165 2848 435 2932 ἐπιβουλεύουσα
451 2853 595 2927 ἐκείνων,
608 2848 693 2912 ἀλλά
708 2848 857 2930 μάλιστα
875 2848 913 2937 δή
927 2852 1065 2911 πάντων
1081 2847 1252 2912 ἀπολέσαι
1267 2846 1421 2935 ζητοῦσα.

116 2968 141 3018 ευ
166 2953 214 3025 ὡς
244 2949 279 3012 δὲ
309 2954 366 3013 καί
397 2959 502 3013 ταῦτα
538 2955 659 3028 ἱκανῶς
688 2954 850 3029 τεθέατο,
885 2953 1099 3014 πυνθάνεται
1129 2953 1233 3014 αὑτοῦ
1261 2955 1280 3014 ὑ
1305 2945 1423 3039 Ἑρμῆς
1434 2954 1474 3017 83

166 3056 297 3134 πότερα
322 3054 421 3114 αὑτὸν
444 3055 576 3137 ἀρέσειε
598 3062 666 3116 τῶν
689 3057 896 3139 πραγμάτων
924 3056 981 3116 καί
1002 3059 1131 3138 ποτέρα
1154 3062 1221 3117 τῶν
1249 3062 1422 3137 γυναικῶν.

162 3146 267 3216 Ἀλλά
290 3149 349 3237 τήν
370 3156 431 3232 μὲν
454 3159 586 3238 έτέραν,
616 3157 698 3240 ἔφη,
728 3152 973 3236 θαυμάζωκαὶ
1002 3157 1142 3238 ἀγαπῶ,
1171 3159 1228 3218 καί
1251 3154 1347 3219 δοκεῖ
1363 3177 1424 3237 μοι

166 3256 253 3329 θεός
275 3252 416 3339 ἀληθῶς
439 3254 542 3332 εἷναι,
573 3251 671 3340 ζήλου
699 3259 756 3318 καί
784 3265 1001 3340 μακαρισμοῦ
1021 3254 1116 3334 ἀξία,
1146 3260 1269 3342 ταύτην
1299 3255 1334 3320 δέ
1364 3260 1423 3344 τήν

166 3358 311 3440 ὑστέραν
334 3357 496 3442 ε’χθίστην
518 3359 621 3440 έγωγε
642 3362 788 3442 ήγοῦμαι
807 3360 864 3419 καὶ
885 3361 1112 3441 μιαρωτάτην,
1136 3361 1222 3421 ὥστε
1244 3357 1367 3444 ήδιστα
1383 3361 1424 3421 ἀν

116 3475 146 3525 οῦ
169 3459 272 3543 αὑτήν
296 3460 425 3537 ὤσαιμι
445 3459 530 3520 κατά
553 3461 673 3521 τοὺτου
696 3467 758 3520 τοῦ
786 3457 952 3521 σκοπέλου
980 3461 1037 3521 καί
1062 3461 1280 3544 ἀφανίσαιμι.
1325 3451 1420 3521 ταῦτ’

256 3635 428 3711 Ῑάκμάζων
445 3646 505 3711 (pro
525 3635 596 3709 α’κλ.)
613 3643 689 3698 UBV
791 3641 1028 3714 4μημουμένηΡ
1131 3645 1181 3698 καί
1199 3636 1263 3698 ἀντί
1279 3642 1354 3697 UBV

168 3722 339 3801 ἀέσήρειλί
408 3732 549 3799 ὑσεμνοῦ
566 3745 618 3784 om.
638 3729 669 3784 U.
742 3727 1017 3801 ’ίπροσέβλεπενῦ
1103 3722 1292 3800 Βὺπερεοίρα
1315 3726 1424 3791 Reiske‚

167 3805 286 3884 ὑφεώρα
304 3812 366 3866 libri
384 3828 476 3867 omnes
544 3810 717 3883 έτίμαζενΡ
786 3812 819 3869 ἐκ
836 3808 942 3870 τούτου
959 3813 990 3871 δὲ
1006 3814 1069 3879 (hoc
1087 3812 1197 3882 ord.)U
1271 3805 1424 3869 9ὑπενόει

168 3897 258 3965 Emp.‚
277 3890 374 3968 ἠγνόει
391 3897 455 3952 libri
472 3913 565 3953 omnes
650 3890 772 3970 ἠδύνατο
796 3899 847 3953 UV
932 3893 1102 3968 ὑαμεινάῑ]
1188 3903 1220 3952 10
1238 3896 1425 3969 περιέβλεπεν

167 3980 242 4037 UBV
288 3975 520 4053 12ἀθρόωσΡἯ
565 3975 647 4050 αὖθις
656 3999 705 4051 pro
715 3977 800 4049 εὐθὺς
808 3983 871 4037 wil.
881 3983 1010 4039 dubitans
1021 3984 1056 4039 cf.
1066 3984 1086 4041 l.
1097 3989 1128 4039 19
1173 3972 1374 4055 ήρπασενΡλλ

169 4069 202 4120 13
214 4060 365 4140 ἁλουργῶν
377 4067 425 4122 UB
476 4072 508 4121 14
520 4070 687 4137 φοινικίδων
699 4069 817 4124 Οοίιείυε
827 4069 906 4134 (Coll.
920 4069 991 4133 crit.)
1046 4072 1077 4123 16
1089 4068 1124 4124 cf.
1135 4068 1206 4123 Plat.
1215 4067 1279 4136 Lys.
1291 4067 1373 4120 222Β

169 4155 200 4204 17
219 4147 347 4222 ταπεινή,
365 4154 437 4209 ποτὲ
455 4152 484 4209 δὲ
501 4146 558 4209 ὑπὸ
577 4149 676 4210 λύπεισ
693 4148 852 4225 ταπεινήΡ
933 4157 963 4208 18
988 4145 1128 4222 ω’ράτυΡ
1206 4157 1238 4206 20
1257 4148 1348 4207 αἳσλ

168 4240 202 4290 24
219 4230 381 4294 ἀπολέσθαι
399 4237 447 4292 UB
500 4242 532 4291 25
551 4235 723 4295 έτεθέατοΡ
741 4239 799 4304 (sed
816 4236 831 4293 έ
848 4253 866 4291 a
881 4254 917 4292 m.
931 4240 996 4303 sec.)
1014 4232 1160 4293 ἐθεάσατο
1179 4236 1227 4291 UB
1244 4233 1390 4292 έθεάτυν

168 4325 201 4376 26
219 4317 315 4378 αὑτῶν
328 4322 410 4375 PWB
423 4323 455 4388 (ί)
517 4327 577 4378 τῶν
595 4320 774 4397 πραγμάτων
786 4323 896 4388 Reiske,
913 4319 949 4380 τά
963 4317 1119 4393 πράγματα
1132 4320 1206 4376 UBV
1218 4325 1278 4376 τῶν
1292 4315 1423 4393 πραγμά-

168 4427 226 4464 των
237 4410 286 4464 καί
298 4406 409 4480 ποτέρα
421 4423 474 4462 om.
487 4408 545 4461 PW
599 4413 631 4463 28
644 4403 755 4481 ἀληθὴσ
768 4408 815 4463 UB
867 4411 900 4461 29
912 4405 1029 4478 έθίστην
1039 4405 1061 4458 Ρ
1070 4409 1147 4472 (mrg.
1160 4402 1306 4477 ἐχθίστην)
1316 4426 1423 4479 μιαρω-

168 4487 261 4558 τάτως
279 4491 345 4559 Ρίίγ
423 4497 455 4547 30
473 4488 548 4550 κατὰ
566 4498 670 4551 τουτοῦ
688 4512 773 4551 οκοπ.
791 4492 828 4546 W
844 4486 912 4549 κατ’
931 4484 1020 4548 αὑτοῦ
1037 4495 1142 4548 τουτοῦ
1160 4510 1245 4548 σκοτι.
1264 4491 1370 4548 Pam.
1382 4507 1423 4559 pr.
