3068 5160
211 315 274 374 204
676 310 800 367 DIONIS
818 309 996 366 VENATOR

209 494 265 554 καὶ
288 488 393 565 εἶπεν,
414 476 500 548 ’1δοὺ
520 488 557 547 τό
583 488 714 565 ἱερεῖον,
738 487 757 546 δ
774 485 871 560 οὑτος
888 482 997 546 πάλαι
1013 486 1151 569 ἔτρεφεν
1168 485 1217 558 εἰς
1233 486 1313 558 τούς
1330 483 1478 564 γάμους,

209 595 265 655 καί
287 587 393 653 τάλλα
415 589 456 649 τά
481 580 566 672 παρ’
591 593 685 673 ήμῶν
708 591 826 668 έτοιμά
850 590 933 661 ἐστι,
956 588 1012 648 καί
1034 583 1163 671 ἄλφιτα
1185 587 1241 648 καί
1257 582 1389 670 ἀλευρα
1416 603 1479 646 πε-

211 697 368 779 ποίηται·
396 693 500 770 μόνον
530 688 613 764 ἴσως
636 691 788 774 οἰναρίου
812 687 1117 774 προσδεησόμεθα·
1145 689 1324 750 καὶτοῦτο
1351 688 1394 748 οὐ
1416 708 1478 767 χα-

160 796 198 856 77
211 794 314 859 λεπόν
336 797 372 856 ἐκ
394 801 452 878 τῆς
474 794 587 875 κώμης
611 788 734 871 λαβεῖν.
772 793 992 876 παρειστήκει
1015 788 1051 852 δὲ
1075 791 1158 874 αὐτῇ
1181 786 1330 870 πλησίον
1355 790 1375 848 ό
1400 790 1479 864 υίός

211 901 298 981 πρδς
320 899 378 957 τόν
399 891 561 980 κηδεστήν
584 889 801 973 ἀποβλέπων.
846 895 902 956 καί
931 893 968 968 δς
995 888 1177 972 μειδιάσας
1201 889 1313 967 εἶπεν,
1351 888 1505 967 οὑτος,5

210 1002 293 1085 ἔφη,
318 999 409 1059 ἐστίν
433 998 452 1056 ὑ
473 998 619 1075 ἐπέχων·
644 993 728 1069 ἴσως
749 995 811 1079 γάρ
835 997 886 1058 ἔτι
907 993 1066 1077 βούλεται
1090 999 1212 1054 πιᾶναι
1234 995 1293 1078 τήν
1317 990 1368 1054 ὗν.
1419 994 1479 1055 καί

211 1103 248 1161 τό
272 1100 463 1183 μειράκιον,
493 1096 591 1181 Αὑτη
614 1101 691 1177 μέν,
721 1097 832 1183 εἶπεν,
861 1100 929 1160 ὑπό
958 1104 1020 1158 τοὺ
1048 1093 1169 1169 λίπους
1192 1092 1476 1180 διαρραγήσεται.

161 1203 200 1265 78
210 1202 300 1283 κάγὼ
322 1196 526 1280 βουλόμενος
550 1197 639 1279 αὐτῷ
662 1199 847 1285 βοηθήσοι,
865 1191 958 1282 Ὅρα,
982 1200 1078 1283 ἔφην,
1099 1200 1144 1283 μή
1168 1200 1232 1271 έως
1247 1198 1434 1260 πιαίνεται
1457 1202 1476 1280 ή

210 1301 249 1376 ός
272 1300 370 1375 οὑτος
393 1302 471 1380 ὑμῖν
494 1296 618 1374 λεπτός
632 1305 777 1385 γένηται.
815 1306 834 1387 ή
859 1298 895 1363 δέ
918 1303 1037 1386 μήτηρ,
1057 1291 1223 1384 Ἀληθῶς,
1247 1297 1356 1377 εἶπεν,
1381 1297 1475 1378 όξε-

210 1423 268 1478 νος
292 1400 395 1484 λέγει,
424 1404 501 1463 ἐπεὶ
521 1404 578 1464 καί
600 1409 656 1464 νῦν
680 1399 883 1486 λεπτότερος
910 1405 1014 1465 αὑτοῦ
1040 1407 1168 1484 γέγονε·
1197 1403 1253 1464 καί
1282 1399 1407 1487 πρῴην
1438 1395 1476 1487 ᾗ·
1497 1411 1519 1462 1⁰

161 1534 163 1538 ⁴
213 1507 347 1588 σθόμην
363 1513 422 1589 τῆς
437 1505 554 1578 νυκτός
569 1505 670 1566 αὐτόν
687 1507 890 1589 ἐγρηγορότα
912 1507 968 1566 καί
991 1501 1208 1590 προελθόντα
1224 1500 1288 1580 ἔξω
1303 1512 1367 1586 τῆς
1393 1521 1474 1591 σκη-

162 1609 201 1670 79
212 1615 279 1692 νής.
328 1604 373 1668 Ol
393 1608 497 1682 κόνις,
520 1607 597 1691 ἔφη,
620 1603 791 1683 ὑλάκτουν,
814 1609 870 1669 καί
892 1604 1039 1692 ἐξῆλθον
1062 1608 1242 1688 ὀψόμενος.
1283 1603 1332 1667 Οὐ
1359 1609 1402 1667 οὐ
1427 1627 1475 1689 γε,

213 1707 318 1785 εἶπεν,
336 1704 421 1768 ἀλλὰ
438 1709 659 1791 περιεπάτεις
675 1705 794 1770 ἀλύων.
832 1711 876 1794 μή
898 1708 955 1771 οὑν
971 1706 1079 1770 πλείω
1100 1710 1220 1792 χρόνον
1242 1709 1352 1787 ίῶμεν
1376 1709 1475 1772 ἀνιά-

212 1810 300 1871 σθαι
323 1811 433 1871 αὐτόν.
477 1811 534 1871 καί
557 1807 788 1894 περιβαλοῦσα
811 1808 955 1897 ἐφίλησε
976 1813 1036 1896 τήν
1057 1813 1185 1894 μητέρα
1208 1817 1267 1893 τῆς
1288 1811 1404 1895 κόρης.
1453 1816 1473 1897 η’

211 1908 246 1973 δὲ
271 1913 358 1995 πρός
380 1913 438 1973 τόν
462 1908 567 1996 ἀνδρα
590 1913 648 1973 τόν
671 1916 800 1998 έαυτής,
824 1915 995 1993 Ποιῶμεν,
1018 1911 1125 1989 εἶπεν,
1150 1913 1196 1985 ὡς
1218 1907 1375 1973 θέλουσι.
1415 1916 1475 1975 καὶ
1494 1923 1517 1973 15

210 2009 304 2089 ἔδοξε
327 2021 442 2090 ταῦτα,
465 2014 521 2074 καί
543 2012 652 2091 εἶπον,
675 1996 735 2090 Είς
757 2016 872 2099 τρίτην
896 2021 1048 2094 ποιῶμεν
1070 2015 1149 2088 τούς
1171 2015 1307 2094 γάμους.
1382 2034 1474 2099 παρ-

159 2119 199 2182 80
210 2111 348 2176 εκάλουν
378 2112 413 2176 δέ
441 2116 525 2195 κάμέ
555 2120 761 2199 προσμεῖναι
789 2119 848 2202 τήν
875 2120 1011 2201 ήμέραν.
1055 2115 1145 2197 κάγὼ
1174 2119 1386 2204 προσέμεινα
1411 2119 1473 2179 οὐκ

210 2212 339 2299 ἀηδῶς,
368 2217 620 2296 ἐνθυμούμενος
647 2219 716 2297 ἀμα
739 2225 805 2279 τῶν
829 2214 1002 2278 πλουσίων
1025 2219 1130 2280 ὑποῑά
1153 2219 1227 2279 ἐστι
1249 2218 1290 2277 τά
1320 2237 1358 2278 τε
1382 2216 1472 2282 ἀλλα

208 2317 264 2377 καὶ
293 2316 334 2376 τά
363 2319 443 2401 περί
471 2320 549 2392 τούς
577 2321 720 2400 γάμους,
751 2327 1011 2404 προμνηστριῶν
1038 2341 1074 2383 τε
1098 2324 1179 2405 πέρι
1200 2321 1256 2382 καί
1278 2315 1472 2395 ἐξετάσεων

211 2418 334 2478 οὐσιῶν
357 2437 392 2479 τε
415 2421 471 2480 καί
493 2424 624 2501 γένους,
655 2427 805 2504 προικῶν
830 2442 866 2482 τε
888 2423 945 2483 καί
967 2419 1070 2483 ἕδνων
1092 2423 1148 2483 καὶ
1169 2423 1391 2500 ὑποσχέσεων
1414 2428 1474 2488 καὶ
1494 2435 1519 2486 ί]

209 2519 361 2597 ἀπατῶν,
385 2518 572 2603 ὁμολογιῶν
594 2543 631 2583 τε
652 2524 709 2584 καί
732 2529 942 2607 συγγραφῶν,
964 2525 1021 2585 καί
1041 2520 1233 2586 τελευταῖον
1249 2520 1419 2602 πολλάκις
1435 2530 1473 2590 έν

210 2621 325 2696 αὐτοῖς
347 2627 420 2699 τοῖς
442 2627 564 2706 γάμοις
588 2621 766 2708 λοιδοριῶν
788 2626 844 2686 καί
866 2626 1072 2704 ἀπεχθειῶν.

160 2730 195 2793 81
296 2727 431 2787 ἅπαντα
450 2723 488 2812 δή
512 2735 630 2788 τοῦτον
653 2729 711 2788 τόν
735 2723 832 2808 λόγον
855 2724 999 2812 διῆλθον
1023 2727 1080 2788 οὐκ
1102 2723 1213 2802 άλλως
1230 2718 1301 2788 οὐδ’
1325 2729 1373 2802 ὡς
1388 2722 1467 2809 τάχ’
1485 2743 1533 2796 (ιιι

208 2828 249 2888 ἀν
267 2824 405 2907 δόξαιμί
419 2845 519 2905 τισιν,
543 2826 738 2908 ἀδολεσχεῖν
752 2825 966 2909 βουλόμενος,
990 2821 1066 2889 ἀλλ’
1092 2827 1198 2913 οὑπερ
1215 2825 1251 2906 ἐξ
1265 2829 1365 2914 ἀρχῆς
1381 2831 1471 2894 ὑπε-

207 2928 319 3011 θέμην
341 2929 417 3008 βίου
440 2932 496 2991 καί
518 2939 576 3015 τῆς
599 2937 666 2992 τῶν
690 2933 842 3016 πενήτων
872 2927 1037 3016 διαγωγῆς
1064 2927 1279 3015 παράδειγμα
1302 2931 1470 3010 έκτιθείς,
1493 2945 1519 2996 25

209 3028 227 3088 δ
250 3030 350 3103 αὐτός
371 3033 577 3116 ἠπιστάμην,
600 3022 648 3114 τῷ
670 3029 862 3115 βουλομένην
886 3033 1091 3095 θεάσασθαι
1115 3029 1220 3114 λόγων
1235 3051 1271 3093 τε
1285 3033 1343 3093 καί
1357 3033 1469 3118 ἔργων

207 3131 263 3192 καί
283 3138 468 3194 κοινωνιῶν
490 3140 557 3194 τῶν
580 3137 667 3218 πρὸς
683 3132 855 3219 ἀλλήλους,
879 3134 914 3197 εί
925 3156 959 3197 τι
973 3141 1040 3196 τῶν
1056 3132 1229 3207 πλουσίων
1243 3129 1469 3198 ἐλαττοῦνται

209 3227 265 3292 διδ
294 3231 503 3318 τήνπενίαν
533 3237 619 3319 πρός
648 3238 686 3297 τό
718 3231 774 3321 ζῆν
803 3237 1016 3321 εὐσχημόνως
1043 3239 1100 3298 καὶ
1129 3236 1213 3297 κατά
1243 3237 1348 3320 φὺσιν
1371 3237 1392 3322 'J'
1417 3237 1467 3320 τῷ

157 3342 197 3405 82
208 3336 310 3397 παντί
334 3333 438 3398 πλέον
461 3338 602 3416 ἔχουσιν.
696 3340 752 3400 καί
776 3335 858 3423 δῆτα
880 3341 936 3400 καί
958 3341 996 3400 τό
1019 3347 1081 3400 τοῦ
1100 3335 1287 3423 Εὐριπίδου
1312 3346 1466 3416 σκοπῶν,

208 3437 238 3497 εί
266 3428 341 3498 κατ’
374 3436 541 3524 ἀλήθειαν
570 3442 710 3524 ἀπόρως
740 3442 855 3515 αὐτοῖς
884 3442 952 3518 ἔχει
979 3441 1021 3502 τά
1045 3443 1132 3524 πρὸς
1154 3441 1233 3514 τούς
1255 3436 1387 3517 ξένους,
1418 3443 1468 3516 ὡς
1489 3455 1518 3505 σο

205 3541 289 3624 μήτε
311 3538 552 3618 ὑποδέξασθαί
581 3561 665 3603 ποτε
696 3539 868 3603 δὺνασθαι
895 3545 978 3628 μήτε
1000 3544 1187 3626 ἐπαρκέσαι
1210 3539 1356 3624 δεομένῳ
1382 3545 1465 3621 τινί,

207 3638 337 3727 οὐδαμῇ
353 3662 408 3704 πω
424 3651 578 3705 τοιοῦτον
594 3645 735 3728 εὑρίσκω
759 3647 796 3706 τδ
820 3653 879 3729 τής
903 3641 1022 3720 ξενίας,
1050 3641 1134 3705 ἀλλά
1157 3645 1213 3706 καί
1235 3651 1301 3728 πὺρ
1324 3646 1465 3710 ἑναὺσν·

205 3765 266 3820 τας
295 3746 555 3830 προθυμότερον
581 3752 648 3807 τῶν
677 3744 851 3808 πλουσίων
879 3748 935 3807 καὶ
963 3743 1049 3808 όδῶν
1080 3747 1364 3831 ἀπροφασίστους
1387 3752 1465 3833 ήγε·

290 3966 304 4015 2
323 3958 358 4018 τὰ
378 3955 451 4031 παρ’
469 3958 536 4030 ἡμῖν
547 3960 617 4025 libri,
635 3975 705 4015 corr.
719 3960 798 4029 Emp.
869 3957 969 4031 ἕτοιμά
988 3962 1041 4019 εἰσι
1056 3959 1092 4020 τὰ
1107 3960 1132 4014 Η
1145 3967 1207 4028 (om.
1220 3965 1280 4028 καί)
1349 3959 1463 4038 ἀλευρα

204 4053 252 4105 καί
270 4043 375 4119 ἀλφιτα
388 4047 437 4101 ΡΗ
506 4051 522 4100 4
540 4047 662 4117 πλησίον
681 4035 770 4102 οῧεσσ
787 4041 867 4118 πρύσ
885 4044 938 4103 τὸν
953 4047 1024 4112 libri,
1044 4063 1114 4102 corr.
1128 4047 1209 4116 Emp,
1278 4050 1294 4102 8
1312 4050 1463 4107 πιαίνεται

204 4125 238 4190 ὑσ
251 4137 312 4196 (om.
325 4127 386 4204 ήίΡ
439 4127 568 4200 δήμῖνῑί
623 4134 716 4187 ίὺκαί
727 4131 802 4200 prius
815 4131 986 4197 οω.Ηίεδ(1.
999 4147 1017 4186 ε
1030 4136 1192 4200 correctore)
1246 4122 1428 4204 γέγονενΠΒ

209 4221 237 4271 13
257 4214 340 4275 εἶπον
351 4216 399 4270 ΡΗ
454 4223 484 4271 14
503 4219 699 4290 περιλαβοῦσα
712 4216 760 4270 ΡΗ
813 4220 845 4270 22
863 4217 1035 4290 λυδοριῶνΡ
1105 4221 1137 4272 23
1156 4214 1258 4291 διόπερ
1275 4220 1324 4275 καί
1341 4207 1464 4278 ἅπαντα

204 4301 253 4357 UB
328 4303 358 4360 δὲ
374 4318 425 4371 pro
443 4298 475 4373 δή
493 4301 541 4356 ΡΗ
620 4294 685 4358 οὐδὲ
701 4301 750 4354 ΗΡ
832 4306 862 4356 2“ί
881 4301 1070 4359 κείνωνιώνΡ
1146 4299 1204 4376 εἷ’γε
1221 4298 1253 4374 δὴ
1271 4302 1328 4370 (sed
1345 4298 1378 4361 εἴ
1389 4319 1408 4358 a
1426 4320 1463 4361 m.

205 4391 268 4454 σεε.)
286 4388 311 4444 U
331 4384 392 4460 οἵγε
413 4386 485 4458 δήΒ
509 4383 571 4459 σιγή
591 4387 619 4440 Μ
706 4385 919 4446 ἐλατοῦνταιΡ
1007 4392 1039 4444 29
1058 4383 1154 4460 έχουσι
1170 4387 1219 4443 ΡΗ
1315 4391 1347 4442 30
1366 4387 1393 4446 εί
1409 4395 1462 4447 καί

204 4467 364 4532 m’UBM
417 4473 451 4526 cf.
465 4473 507 4528 El.
522 4479 571 4528 425
624 4477 656 4527 32
675 4494 720 4529 πω
733 4489 785 4528 om.
799 4474 848 4529 ΠΒ
861 4467 971 4544 οὐδαμῇ
988 4468 1066 4529 τὸΜ
1120 4473 1386 4544 τσιοῦτσΰιπ.ρι·.,
1404 4473 1462 4531 ΒΜ
