3068 5160
602 319 739 377 ORATIO
758 320 804 377 VI.
1288 322 1328 382 93

69 503 135 558 τοῦ
146 495 189 557 τά
204 498 266 576 μέν
280 494 362 581 ηδέα
377 494 502 578 μάλλον
519 498 723 582 εὐφραίνειν,
746 500 826 559 όταν
841 476 864 581 ᾗ
881 493 1021 573 σπάνια,
1044 501 1117 572 τοῖς
1134 495 1168 559 δὲ
1186 506 1329 577 συνεχῶς

66 601 258 682 χρωμένοις
280 601 329 674 εἰς
352 596 474 684 ἀηδίαν
497 600 759 683 περιίστασθαι,
782 599 824 660 τά
843 595 879 660 δὲ
895 600 979 660 κακά
998 595 1219 683 χαλεπώτερα
1242 599 1330 662 εἶναι

69 696 246 785 μηδέποτε
268 697 561 782 ἀπαλλαττόμενα,
587 698 705 781 σχεδόν
728 703 905 785 ἀμφότερα
928 705 1002 775 τοῖς
1024 698 1201 784 τυράννοις
1214 703 1272 764 καὶ
1286 703 1328 764 τά

35 844 38 849 -
69 799 154 886 ηδία
175 805 234 866 καί
255 804 297 865 τά
321 800 454 888 λυπηρά
484 805 538 866 ἀεί
561 801 741 888 πάρεστιν,
774 806 820 878 ὡς
843 800 1053 882 λυπούμενον
1074 803 1135 880 μὲν
1156 801 1330 887 μηδέποτε

37 905 251 968 ῦπαύεσθαι
280 903 413 986 σχεδόν,
442 904 606 992 ἡδόμενον
636 903 671 967 δὲ
700 902 873 990 μηδέποτε
903 902 1149 966 αἰσθάνεσθαι.
1199 902 1329 969 δέδοικε
1340 908 1380 971 49

71 1003 116 1069 δέ.
130 1008 187 1070 ἀεί
209 1026 295 1070 ποτε
316 1015 384 1070 τῶν
405 1011 467 1087 μὲν
490 1005 665 1070 πλουσίων
687 1010 746 1092 την
770 1005 927 1085 δύναμιν,
957 1013 1024 1068 τῶν
1048 1003 1083 1067 δὲ
1107 1007 1248 1091 ἀπόρων
1270 1011 1330 1095 την

27 1107 1332 1191 'mmmmwmmumwfflwsswwmmmwff

69 1212 259 1275 παθόντων
288 1209 399 1286 οὐδεὶς
426 1209 497 1275 οἶδε
516 1211 632 1296 χάριν·
663 1209 827 1273 οὐδέποτε
848 1212 911 1296 γάρ
934 1216 1094 1297 ηγοῦνται
1116 1217 1183 1272 τῶν
1208 1212 1329 1273 ἱκανῶν

10 1318 58 1377 ⁸1)
70 1310 261 1395 τυγχάνειν·
289 1315 323 1375 οἱ
351 1311 386 1376 δὲ
416 1316 460 1398 μη
490 1312 706 1396 τυγχάνοντες
737 1311 782 1374 ὧν
812 1311 994 1394 βούλονται
1017 1311 1156 1376 πάντων
1179 1310 1328 1392 μάλιστα

15 1420 47 1477 1⁰
65 1422 228 1495 μισοῦσιν
257 1417 387 1490 αὐτούς.
444 1418 500 1477 καί
527 1418 592 1501 μην
622 1416 912 1500 ἐπιφθονώτατος
944 1419 1106 1478 ἁπάντων
1136 1418 1154 1476 ό
1183 1412 1327 1477 πλεῖστα
1340 1417 1379 1478 50

65 1519 112 1603 μη
148 1514 288 1592 δικαίως
321 1519 423 1597 έχων·
459 1519 545 1579 ὥστε
579 1516 689 1592 οὐδεὶς
711 1521 873 1601 τυράννου
911 1520 1198 1604 ἐπιφθονώτερός
1226 1520 1327 1580 ἐστιν.

67 1621 157 1703 πρός
186 1617 222 1682 δὲ
251 1621 386 1694 τούτοις
412 1622 535 1705 ἀνάγκη
565 1622 626 1698 μὲν
656 1619 745 1701 αὐτῷ
772 1616 979 1704 χαρίζεσθαι
1009 1625 1082 1695 τοῖς
1109 1623 1189 1704 περί
1212 1622 1328 1683 αύτόν·

68 1717 160 1783 εἰδὲ
182 1723 238 1806 μή,
261 1725 402 1802 τάχιστα
426 1719 617 1784 ἀπολεῖται.
659 1717 867 1806 χαρίζεσθαι
890 1721 925 1785 δὲ
951 1720 1115 1797 πολλάκις
1131 1720 1274 1797 πολλοῖς
1291 1724 1328 1784 ού

66 1820 189 1909 ῥᾴδιον
217 1826 262 1910 μη
294 1821 405 1886 ἀλλων
431 1825 692 1909 ἀφαιρούμενον.
738 1826 807 1903 ἔχει
831 1823 869 1910 δη
893 1826 949 1886 καί
971 1826 1050 1898 τούς
1074 1826 1329 1909 ἀφαιρεθέντας

14 1930 46 1987 11
65 1926 213 2011 ἐχθρούς
240 1929 297 1988 καὶ
318 1928 397 2001 τούς
420 1923 604 2012 εἰληφότας
626 1929 804 2000 ὑπόπτους
825 1928 882 1988 καί
905 1921 1086 2010 ζητοῦντας
1108 1929 1162 1988 ότι
1185 1929 1328 2005 τάχιστα

67 2025 302 2114 ἀπηλλάχθαι.
340 2030 382 2090 τά
403 2031 465 2109 μὲν
489 2029 546 2090 οὖν
570 2031 686 2112 πόρρω
712 2025 768 2090 διά
787 2031 825 2090 τό
843 2024 930 2089 πολύ
948 2030 1140 2113 ἀφεστάναι
1157 2029 1327 2111 φοβεῖται,

67 2130 111 2191 τά
134 2127 171 2192 δὲ
193 2132 298 2213 ἐγγύς,
322 2135 376 2194 ότι
398 2129 544 2216 πλησίον
567 2132 658 2192 ἐστίν
682 2129 782 2211 αὐτῷ,
805 2133 861 2193 καί
883 2132 977 2214 παρά
996 2133 1057 2210 μὲν
1073 2137 1140 2192 τῶν
1154 2130 1328 2210 μακρόθεν

65 2234 239 2317 ύφοράται
260 2231 420 2314 πόλεμον,
445 2234 539 2313 πυρά
563 2230 598 2294 δὲ
621 2239 688 2293 τῶν
711 2234 807 2313 ἐγγύς
827 2229 934 2295 δόλον.
972 2234 1029 2294 καί
1044 2235 1103 2318 την
1118 2234 1179 2312 μὲν
1195 2233 1376 2318 είρηνην51

67 2334 270 2420 ἀσύμφορον
299 2330 429 2416 νομίζει
458 2333 514 2398 διά
544 2337 603 2420 την
633 2341 700 2396 τῶν
730 2336 926 2419 ἀνθρώπων
956 2332 1093 2420 σχολήν,
1123 2338 1181 2398 τόν
1205 2333 1241 2398 δὲ
1266 2339 1328 2397 πό-

11 2444 44 2497 2)
66 2432 180 2518 λεμον,
206 2441 260 2500 ότι
282 2438 405 2522 ἀνάγκη
429 2440 508 2512 τούς
530 2440 700 2521 ὑπηκόους
722 2433 869 2516 ἐνοχλεῖν
891 2439 947 2500 καί
966 2440 1121 2522 χρήματα
1145 2433 1327 2523 πορίζοντα

64 2541 125 2601 καί
148 2541 398 2624 στρατεύεσθαι
420 2535 750 2624 προσαναγκάζοντα.
788 2548 966 2623 τοιγαροῦν
989 2537 1141 2619 πολέμου
1156 2542 1217 2618 μὲν
1233 2543 1329 2615 όντος

67 2642 203 2726 είρηνης
225 2644 364 2727 ἐρῶσιν,
388 2644 521 2727 εἰρήνης
545 2639 580 2703 δέ
602 2646 781 2725 χωομένης
804 2643 908 2715 εὐθύς
929 2649 1145 2726 μηχανῶνται
1168 2639 1326 2720 πόλεμον.

65 2745 245 2806 καὶτοῦτο
268 2747 329 2824 μέν
351 2751 418 2806 τῶν
441 2741 645 2828 ἐπιτηδείων
668 2743 835 2827 ἀφθόνων
859 2745 963 2805 όντων
980 2740 1153 2805 δεδοίκασι
1168 2750 1230 2803 τοῦ
1243 2740 1327 2827 πλη·
1339 2739 1378 2801 52

66 2847 157 2920 θονς
179 2848 239 2932 την
261 2847 373 2931 ύβριν,
400 2831 499 2908 τοῦτο
524 2843 559 2908 δὲ
583 2844 689 2919 εἴτις
712 2843 823 2908 ἔνδεια
846 2841 1110 2925 καταλαμβάνοι,
1134 2847 1193 2930 την
1217 2846 1326 2929 όργην.

10 2954 45 3009 5
65 2952 228 3035 ἡγοῦνται
257 2946 293 3010 δέ
322 2951 405 3034 μήτε
433 2946 624 3033 ἀποδημεῖν
648 2945 801 3032 ἀσφαλὲς
823 2950 907 3032 μήτε
929 2951 1041 3027 μένειν
1063 2949 1147 3032 μήτε
1170 2951 1328 3031 προϊέναι

66 3040 150 3136 μήτ’
177 3047 273 3112 ἔνδον
297 3049 501 3113 διαιτᾶσθαι
524 3041 609 3134 παρ’
636 3053 767 3127 αὐτοῖς,
796 3047 881 3111 ἀλλά
903 3047 988 3134 μηδὲ
1012 3050 1203 3131 ἐπιβαίνειν
1227 3047 1269 3109 ού
1288 3051 1328 3111 άν

67 3153 297 3234 ἐπιβαίνωσιν
320 3147 519 3238 [ἀσφαλῶςζ
544 3155 679 3214 ἅπαντα
704 3150 739 3213 δέ
760 3151 848 3214 εἶναι
862 3154 969 3231 μεστά
986 3150 1124 3236 ἐνέδρας
1138 3155 1194 3215 καὶ
1210 3151 1327 3215 δόλων.

68 3249 304 3337 ἀναλογίζεται
335 3253 370 3317 δέ
401 3259 541 3330 ἕκαστος
565 3257 673 3317 αὐτῶν
695 3257 752 3316 καὶ
773 3257 852 3328 τούς
874 3255 1048 3329 θανάτους
1070 3262 1137 3316 τῶν
1160 3258 1329 3339 τυράννων
1340 3256 1379 3318 53

66 3358 126 3420 καί
152 3358 214 3432 τάς
242 3355 445 3440 ἐπιβουλάς,
476 3361 555 3419 όσαι
578 3360 720 3419 πώποτε
742 3359 915 3437 γεγόνασι,
944 3359 1001 3418 καὶ
1024 3354 1201 3436 ξύμπαντα
1225 3367 1329 3419 ταῦτα

12 3466 45 3519 t]
66 3449 127 3545 ἀφ’
153 3461 255 3522 αὐτόν
279 3462 367 3523 ἰέναι
389 3455 527 3539 νομίζει,
549 3461 606 3521 καὶ
629 3460 735 3532 οὕτως
758 3459 826 3536 ἔχει
848 3460 1048 3542 περιφόβως
1069 3461 1115 3534 ὡς
1133 3458 1330 3539 ξύμπαντας

66 3563 217 3637 ἐκείνους
241 3564 320 3637 τούς
342 3564 516 3635 θανάτους
538 3562 840 3638 ἀποθανούμενος·
871 3561 927 3621 καί
950 3559 1170 3644 περιβλέπειν
1192 3566 1253 3642 μὲν
1277 3566 1330 3625 ἀεί

154 3729 172 3779 4
192 3724 336 3798 μηδέποτε
359 3719 527 3784 παύσασθαι
550 3726 575 3782 V
597 3725 665 3797 μηδὲ
688 3720 855 3780 παύσασθαι
876 3725 926 3780 UB
1013 3730 1028 3778 5
1051 3720 1198 3798 πάβεσθαι
1222 3727 1244 3780 Ρ

67 3808 239 3868 δέδοικενῐί
326 3808 434 3869 δέδοικε
450 3806 550 3885 γὰρΥ
636 3806 872 3882 ῖμονάρχαισΡ
960 3806 1079 3882 9μήπω
1098 3831 1175 3882 τνγχ.
1194 3812 1241 3866 PY
1258 3809 1329 3883 μήτε

67 3895 181 3968 11³szr
234 3900 396 3953 1οπλεῖστα
407 3899 457 3953 καὶ
466 3895 754 3954 δικαίωσδίπλεῖστα
763 3891 819 3952 κάν
831 3893 946 3962 δικαίως
954 3896 1034 3953 UBM
1088 3901 1118 3951 11
1131 3894 1278 3953 ἐστιΠΒῩ

69 3983 102 4034 13
119 3975 215 4038 πυλίδι
233 3984 357 4037 πολλοῖσ
374 3981 493 4037 Cobetus
546 3975 745 4047 άπολλοῖςῖ
802 3986 835 4035 14
852 3978 943 4038 ἀλλον
960 3983 985 4035 Y
1038 3974 1279 4054 άφερούμενονΡ

70 4058 128 4135 ἔχει
145 4064 177 4121 δὲ
192 4064 265 4132 libri,
284 4081 354 4122 corr.
372 4066 452 4135 Emp.
541 4071 573 4121 16
592 4063 717 4138 πόρωΡ
807 4071 837 4121 17
856 4060 946 4124 αὐτοῦ
963 4067 1012 4121 UB
1099 4070 1130 4121 21
1149 4066 1329 4140 καταναγκά-

69 4147 202 4218 ζονταῩ
271 4153 304 4204 22
321 4142 500 4222 μηχανάνται
516 4153 543 4208 U
613 4157 646 4205 24
663 4148 923 4224 καταλαμβάνειΥ
993 4155 1024 4204 25
1044 4143 1186 4222 άσφαλῶσ
1203 4148 1279 4204 UBV

68 4237 104 4288 26
120 4230 192 4306 μήτε
210 4228 293 4291 ἔνδον
309 4235 385 4292 UBY
475 4228 543 4308 μηδ’
562 4237 586 4293 V
668 4241 699 4290 21
718 4232 790 4306 μετὰ
809 4236 929 4311 ἐνέδρασ
947 4235 1017 4301 libri,
1037 4251 1106 4290 corr.
1126 4251 1192 4303 ωας.
1210 4250 1260 4290 mr.

69 4321 211 4390 ἀσφαλῶς
228 4321 292 4375 secl.
309 4319 390 4375 Dind.
443 4325 476 4376 28
494 4316 566 4379 τοὺσ
582 4317 734 4378 θανόντασ
752 4321 798 4376 PY
856 4326 888 4376 29
908 4311 964 4378 ὅσα
982 4319 1032 4376 UV
1084 4315 1280 4391 ysyo'vaoch

70 4406 105 4459 30
122 4396 172 4460 ἐπ’
190 4396 281 4462 αὐτὸν
292 4405 363 4472 libri,
383 4421 452 4462 corr.
466 4406 547 4461 Dind.
600 4406 672 4463 ἰέναι
685 4406 816 4473 Hertlein,
835 4406 962 4472 cobetus,
981 4399 1053 4461 εἶναι
1065 4403 1129 4458 libri
1181 4409 1213 4462 31
1227 4400 1331 4462 θανού-

69 4489 207 4557 μενοσλί
