3068 5160
230 328 269 386 76
690 324 814 380 DIONIS
831 323 883 378 DE
900 322 1028 380 REGNO

231 499 303 579 ζετο
333 502 474 585 βραχύν,
502 497 706 580 χαλωμένων
737 496 772 561 δέ
802 505 869 560 τῶν
899 495 1031 576 δεσμῶν
1057 499 1114 559 καὶ
1136 503 1198 558 τοῦ
1216 503 1323 582 κηρού
1342 499 1480 580 ῥέοντος,

232 603 427 681 ἐπωνυμίαν
461 602 531 662 ἀπὸ
565 598 664 663 τούδε
696 598 744 682 τῴ
779 597 920 681 πελάγει
952 604 1135 684 παρέσχεν,
1170 597 1274 682 ούπερ
1310 600 1479 684 ήφανίσθη

152 709 212 770 122
232 708 365 767 πεσών·
388 705 539 777 κάκεῖνος
561 704 727 765 ἀσθενέσι
748 704 804 764 καῖ
823 704 968 787 κούφοις
984 699 1032 783 τῷ
1049 702 1120 764 ύντι
1137 703 1325 775 πιστεύσας
1341 706 1481 784 πτεροῖς,

234 804 316 888 λέγω
348 803 384 866 δὲ
407 810 523 883 τιμαῖς
545 825 581 866 τε
603 806 660 867 καί
682 806 840 878 ἐπαίνοις
862 805 930 865 ὑπὸ
953 811 1021 866 τῶν
1043 803 1240 886 ἀνθρώπων
1262 809 1331 864 τῶν
1355 799 1480 864 πολλῶν

232 911 279 982 ὡς
308 908 401 985 ἔτυχε
429 910 654 988 γιγνομένοις,
689 903 894 991 ἐπισφαλῶς
921 905 978 966 καῖ
1006 904 1238 989 ἀσταθμήτως
1266 908 1412 990 φέρεται
1435 906 1501 967 καὶὸ

233 1014 330 1095 φέρει
358 1010 416 1070 τύν
446 1005 551 1092 ἄνδρα
581 1010 639 1070 τύν
670 1010 774 1069 αύτού
804 1003 953 1093 ζηλωτήν
982 1026 1019 1068 τε
1047 1008 1104 1068 καὶ
1131 1008 1318 1090 ὑπηρέτην,
1352 1013 1411 1067 νῦν
1430 1008 1481 1085 μὲν

230 1106 363 1194 ύψηλύν
391 1112 635 1195 καὶμακάριον
658 1107 801 1184 πολλοῖς
824 1111 1046 1194 φαινόμενον,
1077 1104 1181 1170 πάλιν
1205 1103 1241 1169 δέ
1265 1107 1310 1169 αὖ
1329 1111 1481 1184 ταπεινόν

232 1232 269 1273 τε
296 1213 353 1274 καὶ
381 1208 507 1273 ἄθλιον
535 1217 608 1286 τοῖς
637 1234 674 1274 τε
703 1209 820 1285 ἀλλοις
846 1212 902 1273 καὶ
924 1212 1048 1294 πρώτῳ
1072 1211 1129 1272 καὶ
1149 1206 1299 1290 μάλιστα
1322 1207 1415 1291 αὐτῷ
1436 1207 1481 1271 δο-

153 1317 212 1380 113
231 1320 362 1374 κούντα.
439 1316 470 1375 εί
484 1311 521 1375 δέ
532 1335 578 1395 τῳ
594 1316 631 1376 ού
646 1311 746 1400 φίλον
758 1315 886 1397 πτηνὸν
902 1314 1003 1374 αύτδν
1019 1309 1240 1374 διανοεῖσθαι
1252 1312 1311 1374 καὶ
1326 1316 1448 1387 ποιεῖν,
1468 1313 1483 1372 d

233 1412 268 1475 δέ
284 1416 506 1500 ἀφομοιούτω
524 1417 623 1478 αύτύν
639 1424 680 1500 τῇ
696 1423 757 1476 τού
768 1407 904 1490 Ἰξίονος
916 1411 1051 1500 χαλεπή
1064 1415 1122 1477 καὶ
1136 1415 1237 1496 βιαίῳ
1262 1411 1358 1499 φορᾷ
1381 1434 1418 1476 τε
1436 1415 1515 1476 soit

232 1518 372 1600 ἀνάγκη,
402 1524 525 1600 τροχοῦ
551 1537 644 1591 τινος
672 1520 758 1600 ῥύμη
788 1513 892 1597 κύκλῳ
922 1521 1119 1597 κινουμένου
1146 1537 1183 1578 τε
1211 1517 1268 1578 καῖ
1292 1520 1481 1601 φερομένου.

234 1619 271 1678 οὐ
294 1619 356 1701 χάρ
380 1618 542 1692 ἀπεοικὸς
566 1615 643 1679 ούδέ
665 1619 795 1703 μακράν
819 1615 857 1703 δή
882 1625 949 1679 τῶν
967 1625 1084 1703 σοφῶν
1099 1638 1136 1679 τε
1150 1618 1206 1679 καῖ
1220 1624 1368 1699 κομψῶν
1383 1618 1483 1679 εῖκασ·

232 1720 347 1797 μάτων
378 1716 429 1802 εἴη
454 1720 494 1780 ἀν
523 1721 542 1780 ύ
570 1722 689 1804 τραχύς
713 1717 791 1803 δόξῃ
816 1716 1134 1804 παραβαλλόμενος,
1162 1727 1204 1804 τῇ
1226 1739 1262 1781 τε
1285 1720 1418 1804 κινήσει
1436 1720 1485 1780 καὶ

231 1817 403 1904 μεταβολῇ
426 1823 515 1882 πάνυ
539 1818 667 1905 ῥᾳδίως
690 1823 875 1905 περιθέων,
898 1823 933 1883 ἐν
949 1818 985 1883 δέ
1001 1829 1043 1906 τῇ
1059 1819 1233 1906 περιφορᾷ
1249 1825 1401 1883 παντοῖα
1418 1822 1484 1904 σχή-

231 1943 322 2001 ματα
351 1925 411 2007 τήν
440 1925 551 2008 ψυχήν
578 1919 770 2005 ἀναγκάζων
795 1920 977 2004 λαμβάνειν
1000 1919 1126 2003 μᾶλλον
1147 1924 1167 2007 ή
1191 1925 1210 1984 ύ
1231 1929 1299 1985 τῶν
1321 1926 1518 2007 κεραμέωνή

156 2027 217 2089 124
235 2025 277 2084 τά
303 2016 361 2085 ἐπ>
388 2022 477 2105 αύτῳ
501 2022 727 2105 πλαττόμενα.
773 2023 879 2109 ἀνδρα
903 2022 942 2110 δή
967 2032 1122 2088 τοιούτου
1145 2022 1340 2105 εἱλούμενον
1364 2025 1418 2088 ἀεὶ
1436 2025 1487 2085 καῖ

235 2129 514 2210 περιφερόμενον,
539 2123 664 2188 κόλακα
688 2125 802 2213 δήμων
825 2149 862 2190 τε
878 2128 935 2189 καὶ
950 2124 1056 2206 ύχλων
1070 2129 1106 2189 ἐν
1121 2124 1349 2212 ἐκκλησίαιςή
1366 2123 1486 2189 ἐπιδεῖ-

235 2221 326 2298 ξεσιν
341 2226 360 2309 ή
377 2225 545 2307 βασιλέων
560 2230 580 2313 ή
599 2232 769 2313 τυράννων
787 2228 982 2311 λεγομέναις
997 2226 1036 2314 δή
1055 2226 1189 2314 φιλίαις
1202 2231 1259 2292 καὶ
1273 2229 1487 2314 θεραπείαις,

235 2327 287 2399 τίς
310 2327 368 2387 ούκ
390 2329 430 2390 ἀν
453 2326 601 2413 ἐλεήσειε
624 2339 683 2416 τῆς
708 2332 843 2415 φύσεως
864 2333 921 2393 καῖ
942 2339 1004 2392 τού
1024 2332 1118 2412 βίου,·
1141 2328 1225 2414 λέγω
1249 2328 1285 2392 δὲ
1312 2331 1372 2410 ούχ
1395 2330 1432 2405 δς
1452 2330 1488 2390 ἀν

236 2427 305 2487 ἀπὸ
329 2436 391 2490 τοῦ
411 2427 588 2510 βελτίστου
612 2434 830 2516 προεστηκὼς
848 2430 936 2494 πολύ
952 2454 987 2495 τι
1002 2430 1140 2518 πλῆθος
1155 2433 1354 2517 ἀνθρώπων
1371 2431 1526 2494 πειθοῖώ

234 2529 290 2590 καῖ
313 2526 398 2611 λόγῳ
422 2523 498 2610 μετ’
524 2534 656 2608 εύνοίας
677 2535 733 2595 καῖ
757 2531 973 2619 δικαιοσύνης
995 2542 1156 2619 πειρᾶται
1177 2529 1358 2620 ῥυθμίζειν
1380 2553 1417 2595 τε
1438 2534 1491 2594 καλ

162 2638 222 2699 125
234 2632 327 2713 ἄγειν
357 2635 417 2696 ἐπὶ
445 2635 487 2695 τά
515 2632 648 2716 βελτίω.
695 2637 796 2713 ἐχέτω
828 2633 866 2721 δή
890 2638 947 2698 καῖ
970 2635 1068 2712 οὗτος
1089 2642 1168 2719 ήμῖν
1191 2638 1210 2697 δ
1232 2632 1365 2716 δαίμων
1386 2631 1490 2711 τέλος,

237 2734 291 2796 ἵνα
319 2738 363 2821 μή
395 2744 451 2799 νύν
483 2733 606 2811 στολάς
628 2759 664 2800 τε
686 2740 743 2800 καῖ
764 2738 901 2823 μορφάς
924 2740 1173 2823 προστιθέντες
1195 2736 1285 2820 αύτῳ
1307 2739 1367 2800 καλ
1387 2733 1491 2799 τᾶλλα

234 2837 276 2896 τά
311 2841 525 2923 προσήκοντα
560 2837 668 2902 πολύν
701 2841 757 2901 καὶ
792 2841 936 2925 ἄπειρον
970 2841 1213 2926 εἰσφερώμεθα
1248 2836 1357 2921 λόχων
1386 2835 1526 2918 opsono

157 2942 218 3004 126
235 2935 286 3020 εἴη
318 2930 351 2999 δ>
381 2941 422 3001 ἀν
452 2943 556 3003 αύτού
584 2943 623 3002 τύ
645 2937 751 3024 ήθος,
781 2945 828 3016 ὡς
858 2945 894 3005 ἐν
922 2943 1046 3027 βραχεῖ
1062 2939 1275 3026 περιλαβεῖν,
1306 2938 1526 3027 φιλύνικον,1

235 3040 387 3123 ἀνόητον,
407 3049 540 3119 χαῦνον,
564 3038 742 3125 ἀλαζονείᾳ
764 3045 820 3105 καὶ
843 3039 1029 3128 ζηλοτυπίᾳ
1050 3045 1108 3106 καὶ
1129 3050 1219 3105 πᾶσι
1232 3048 1307 3118 τοῖς
1321 3044 1494 3117 τοιούτοις

234 3142 370 3223 ἔγγιστα
390 3140 555 3221 χαλεποῖς
577 3146 634 3207 καῖ
656 3146 789 3229 ἀγρίοις
812 3147 975 3208 πάθεσιν.
1028 3148 1163 3208 ἅπαντα
1185 3145 1248 3230 γάρ
1270 3152 1379 3208 ταύτα
1397 3142 1494 3230 φιλο-

320 3381 428 3452 λλέγω
446 3372 520 3450 δήλ1
603 3388 701 3448 τιμαῐσ
718 3398 750 3435 τε
767 3381 816 3434 καῖ
833 3379 976 3436 ἐπινοέαισ
993 3378 1042 3435 UB
1129 3373 1260 3450 ύέεοχεν
1276 3378 1303 3434 U
1401 3397 1496 3451 γιγνο-

232 3465 335 3534 μὲναισ
351 3465 402 3520 UB
497 3459 635 3522 θάθλιον
652 3456 724 3522 ἀλλά
743 3463 849 3534 πρώτῳ
867 3464 942 3519 UBV
1039 3460 1180 3536 πρώτηΡ
1283 3454 1364 3538 αύτῷ
1380 3462 1446 3518 libri

234 3552 415 3620 9διονοῆσαι
437 3548 487 3605 UB
593 3553 624 3604 10
648 3542 837 3621 ἀφωμοιοῦτο
855 3549 905 3605 UB
1006 3541 1129 3616 Ἰξίωνοσ
1144 3547 1170 3601 Y
1279 3551 1309 3602 12
1326 3543 1447 3621 μακράν
1465 3566 1497 3603 τε

233 3633 334 3691 τώνΥ
420 3653 452 3691 τε
469 3634 565 3688 omY
650 3638 711 3690 τῶν
727 3665 760 3674 -
779 3631 961 3704 εἰκασμάτων
977 3633 1044 3688 mihi
1060 3637 1189 3704 suspecta
1275 3635 1308 3687 13
1330 3627 1375 3704 εἴη
1393 3628 1430 3690 ἀν
1447 3634 1498 3689 καὶ

232 3720 282 3775 UB
301 3716 343 3791 τίη
361 3715 398 3777 ἀν
417 3709 468 3776 οὖν
486 3719 558 3774 VPY
577 3714 642 3777 οὐδὲ
659 3736 710 3789 pro
729 3711 780 3776 οὖν
797 3719 886 3788 Emp,
905 3719 956 3774 del.
975 3718 1057 3774 Dind.
1133 3722 1165 3771 14
1182 3721 1218 3789 τῇ
1232 3720 1386 3791 μεταβολῇ
1401 3716 1427 3771 Υ

234 3806 421 3876 περιθεύνθ
509 3809 540 3859 15
558 3808 594 3876 τῇ
612 3810 689 3877 ψυχῇ
706 3805 779 3859 VPY
862 3800 1017 3878 ἀναγκάζει
1034 3804 1109 3870 libri,
1127 3817 1197 3858 corr.
1216 3801 1318 3858 Reiska
1408 3805 1441 3855 16
1459 3801 1496 3859 τὰ

234 3884 285 3945 ἀπ’
303 3885 398 3947 αὐτῶν
415 3889 441 3943 Y
525 3883 684 3959 ῆλούμενον
701 3892 727 3945 U
799 3896 828 3944 11
847 3887 995 3956 ἐπιδείξεσι
1013 3888 1156 3962 βασιλέων
1172 3886 1243 3955 libri,
1261 3901 1332 3941 aorr.
1350 3885 1433 3955 Emp.

237 3979 266 4029 18
290 3974 429 4047 λεγομένη
446 3969 477 4044 δή
496 3974 521 4028 V
544 3974 714 4046 λεγομέναισ
736 3980 800 4040 (om.
819 3970 861 4045 δή)
878 3976 901 4029 Β
920 3973 1083 4047 λεγομένων
1105 3977 1167 4038 (om.
1192 3967 1234 4043 δή)
1251 3971 1277 4028 U
1366 3975 1399 4026 19
1416 3966 1495 4040 ἐλεή-

235 4060 353 4116 σειενΠ
421 4063 470 4115 καὶ
488 4063 541 4130 τῆσ
557 4059 688 4130 βλασΠΒ
759 4063 790 4114 20
808 4061 877 4131 βίου
894 4075 944 4128 pro
955 4058 1143 4130 βελτίστουῩ
1195 4051 1322 4114 ἀπὸτοῦ
1337 4056 1495 4128 βελτίστου

234 4149 369 4213 suspecta,
388 4143 503 4198 maxime
520 4148 630 4212 propter
647 4143 694 4201 ἐπὶ
712 4144 748 4201 τὰ
769 4147 876 4218 βελτίω
894 4145 912 4198 l.
933 4148 965 4197 11
1052 4148 1152 4200 πειθοῖ
1167 4145 1216 4199 καῖ
1231 4138 1310 4218 λόγῳ
1328 4158 1381 4199 om.
1400 4141 1426 4196 Y

235 4233 265 4282 11
287 4225 441 4302 ῥυθμῆζειν
458 4229 480 4284 Ρ
584 4232 617 4281 11
635 4225 724 4301 ἐχέτω
742 4226 774 4300 σὴ
793 4235 845 4285 ato.
864 4228 910 4283 hin
927 4227 1141 4296 prosopopoeiae
1157 4225 1238 4282 finem
1255 4226 1386 4297 imponit,
1403 4225 1492 4296 pergit

234 4313 390 4382 admorsa,
408 4329 522 4384 qnorum
540 4314 749 4382 descriptionem
766 4314 805 4368 iili
821 4313 957 4383 praemitti
975 4312 1126 4382 oportebat,
1144 4311 1221 4366 utin
1238 4311 1336 4367 ceteris
1354 4309 1493 4367 daemoni·

234 4395 300 4464 bus3
312 4397 415 4453 fraudis
425 4399 634 4468 descriptionem
643 4399 679 4453 ad
687 4400 915 4467 prosopopoeiam
926 4397 1062 4467 portinere
1070 4412 1167 4452 moneo
1177 4397 1204 4464 (ᾗ
1216 4400 1292 4467 129);
1304 4398 1493 4466 §rra-1282

236 4495 285 4534 suo
303 4480 363 4536 loco
382 4484 552 4538 aberrarunt.
625 4488 655 4537 11
676 4479 792 4555 ἔγγιστα
812 4488 969 4552 corruptum
988 4482 1072 4548 (Wil.)
