3068 5160
557 371 694 428 ORATIO
712 372 826 428 xxxn.
1251 378 1313 438 293

56 543 185 632 ὑπῆρξε
208 544 368 608 πσλιτῶν.
411 548 524 608 καίτοι
546 544 671 632 μεγάλη
695 569 731 610 τε
753 551 809 611 καί
834 547 970 628 ἔνδοξος
992 548 1047 636 ῆν·
1078 544 1153 613 ἀλλ’
1179 556 1314 633 όμωςό

56 658 115 734 τῆς
134 641 269 733 Ἰθάκης
292 645 436 734 πολίτης
458 650 654 734 ἐπόρθησεν
678 651 796 736 αὑτήν,
824 643 865 733 [ό]
888 661 947 737 τῆς
969 661 1090 738 μικρᾶς
1110 657 1167 717 καί
1189 652 1313 733 ἀδόξου

59 747 193 835 σφόδρα
223 750 326 812 οὑσαν
354 752 550 837 εὐρύχωρον.
597 753 771 836 φοβοῦμαι
801 750 839 839 δη
868 756 912 839 μῆ
936 757 993 817 καί
1014 757 1109 835 ὑμεῖς
1131 754 1313 842 ἀπόλησθε

58 845 221 935 [ἐκείνοις]
237 850 499 938 παραπλησίως,
516 855 547 915 εἰ
561 856 618 915 καί
635 857 843 939 ψυχρότερόν
858 858 951 918 ε’στιν
967 858 1078 920 εἰπεῖν
1093 860 1146 919 ότι
1160 859 1314 944 κάκείνην

18 957 122 1016 τὺπό
153 956 264 1016 ἵππου
287 957 379 1029 τινός
402 955 581 1040 φθαρῆναι
604 952 751 1036 λέγεται·
782 953 871 1042 πλην
894 959 1009 1037 οἱμὲν
1033 956 1116 1033 ἴσως
1138 951 1201 1044 ὑφ’
1226 963 1311 1038 ἑνός,

56 1059 151 1136 ὑμεῖς
181 1053 216 1118 δὲ
244 1059 313 1118 ὑπὸ
342 1054 510 1119 πλειόνων
538 1053 715 1120 ἑαλώκατε.
760 1060 804 1143 μῆ
834 1059 897 1143 γάρ
923 1066 1022 1120 τοῦτο
1044 1063 1148 1139 μόνον
1170 1063 1362 1146 ῆγεῖσθε89

57 1157 185 1222 ἅλωσιν
208 1158 296 1221 εἶναι
319 1156 469 1235 πόλεως,
495 1160 536 1220 ἀν
558 1180 647 1234 τινες
669 1161 708 1220 τὸ
731 1165 841 1238 τεῖχος
862 1158 1108 1241 καταβαλόντες
1131 1164 1312 1248 ἀποσφάτ-

55 1279 142 1322 τωσι
167 1263 246 1335 τούς
269 1261 478 1345 ἀνθρώπους
498 1262 555 1322 καί
577 1262 638 1336 τὰς
660 1256 817 1343 γυναῖκας
840 1263 1019 1344 ἀπάγωσιν
1041 1265 1097 1326 καί
1119 1265 1181 1338 τάς
1204 1265 1313 1340 οίκίας

55 1366 286 1424 κατακάωσιν·
317 1364 398 1446 αὑτη
423 1363 484 1441 μὲν
507 1361 591 1436 ἴσως
613 1359 789 1426 τελευταία
810 1365 978 1449 καὶπρὸς
1000 1361 1113 1446 ὀλίγον
1135 1370 1311 1451 γιγνομένη

10 1473 33 1524 10
54 1466 111 1526 καί
132 1462 257 1544 μᾶλλον
280 1461 457 1525 ἐλεεῖσθαι
479 1465 563 1556 τούς
580 1465 763 1540 παθόντας
784 1467 804 1550 ἢ
827 1463 1082 1547 καταγελᾶσθαι
1100 1471 1312 1551 παρασκευά-

58 1562 177 1642 ζουσα·
208 1557 294 1650 παρ’
327 1564 379 1638 οἷς
408 1556 441 1626 δ’
472 1566 512 1625 ἂν
540 1557 560 1648 ᾖ
593 1569 731 1628 πάντων
761 1565 900 1646 ἀμέλεια
928 1575 996 1629 τῶν
1018 1565 1144 1645 καλῶν,
1175 1571 1249 1643 ἑνὸς
1276 1567 1312 1631 δὲ

56 1672 255 1752 πράγματος
277 1668 433 1748 ἀγεννοῦς
455 1667 551 1751 ἔρως,
573 1669 630 1729 καί
652 1670 740 1752 πρὸς
761 1667 866 1748 μόνον
885 1677 984 1731 τοῦτο
1008 1668 1237 1750 ἀποβλέπωσι
1257 1673 1314 1734 καί

56 1773 135 1854 περὶ
157 1778 256 1831 τοῦτο
280 1766 484 1853 διατρίβωσι
507 1767 682 1853 πηδῶντες
703 1773 760 1832 καί
781 1768 983 1851 μαινόμενοι
1004 1774 1061 1833 καί
1078 1773 1240 1847 παίοντες
1256 1770 1313 1834 ἀλ-

56 1869 176 1956 λῆλους
203 1874 259 1934 καὶ
287 1867 466 1955 ἀπόρρητα
496 1869 648 1952 λέγοντες
675 1874 732 1934 καί
760 1875 839 1947 τοὺς
867 1875 972 1947 θεοὺς
1001 1874 1122 1947 αὐτούς
1148 1871 1314 1949 πολλάκις

10 1981 31 2033 lb
54 1971 286 2058 λοιδοροῦντες
300 1974 357 2034 καί
371 1972 412 2032 τά
430 1973 510 2032 όντα
526 1975 726 2056 ῥιπτοῦντες
740 1975 797 2036 καί
811 1976 930 2055 γυμνοί
950 1969 1145 2054 βαδίζοντες
1168 1977 1238 2036 ἀπὸ
1254 1984 1313 2061 τῆς

55 2077 142 2149 θέας
158 2076 276 2150 ἑνίοτε,
300 2065 394 2134 τοῦτ’
419 2074 512 2134 ἔστιν
535 2076 657 2158 αἰσχρά
681 2068 817 2149 πόλεως
838 2077 894 2137 καί
916 2072 1152 2151 ἐπονείδιστος
1174 2074 1311 2152 ἅλωσις.

10 2179 110 2239 runai
138 2177 200 2260 γάρ
224 2175 433 2258 ἀνθρώπους
455 2172 640 2239 ἑαλωκέναι
663 2179 775 2262 φαμὲν
798 2178 856 2255 οὑχ
878 2179 946 2238 ὑπὸ
971 2173 1101 2260 λῃστῶν
1123 2175 1246 2257 μόνον,
1279 2173 1309 2265 [ἢ
1322 2181 1363 2243 90

56 2272 212 2361 ἑταιρῶν]
228 2275 312 2339 ἀλλά
328 2279 384 2340 καί
400 2279 537 2362 ἑταίρας
551 2280 608 2340 καί
622 2281 767 2362 γαστρός
780 2280 837 2341 καί
858 2275 962 2363 ἄλλης
982 2281 1074 2354 τινὸς
1091 2277 1223 2365 φαύλης
1237 2283 1313 2344 έπι·

58 2383 195 2460 θυμίας.
241 2377 454 2459 αἰχμάλωτος
477 2380 534 2442 οὑν
555 2382 719 2462 γενέσθαι
739 2378 849 2456 καλῶς
872 2382 912 2442 ἀν
936 2377 1066 2462 λέγοιτο
1088 2383 1144 2444 καί
1159 2383 1242 2468 ἀνῆρ
1257 2386 1314 2446 καί

10 2494 33 2544 λ)
56 2480 173 2560 πόλις,
202 2485 276 2567 ἥτις
299 2484 339 2544 ἀν
362 2490 429 2544 τῶν
451 2475 652 2567 κρειττόνων
674 2480 953 2567 ἐπιτηδευμάτων
977 2484 1127 2568 ἀφεμένη
1151 2486 1207 2546 καί
1229 2486 1312 2569 μῆτε

56 2589 170 2671 δρῶσα
199 2581 304 2670 μηδὲν
332 2587 416 2670 μήτε
445 2587 613 2647 ἀκούουσα
643 2592 710 2647 τῶν
741 2582 915 2670 φερόντων
938 2587 988 2659 εἰς
1018 2587 1204 2669 σωτηρίαν,
1233 2578 1309 2646 ἀλλ’

56 2689 236 2774 αἱρεθεῖσα
270 2689 338 2749 ὑπὸ
368 2688 481 2771 μέθης
508 2688 527 2771 ὴ
559 2679 648 2772 ηλδῆς
676 2694 840 2768 γυναικῶν
867 2687 887 2770 'l
919 2688 1078 2771 άρμάτων
1107 2689 1230 2771 ἀγηται
1256 2689 1313 2750 καί

56 2796 201 2878 φέρηται
229 2792 287 2852 καί
314 2797 407 2851 πᾶσα
437 2783 485 2851 δι’
517 2786 596 2873 ὑλης
624 2789 817 2873 θορυβῆται
845 2789 926 2871 περί
947 2795 1046 2848 τοῦτο
1069 2789 1126 2850 καί
1147 2790 1297 2874 ἐκφρονῇ
1305 2803 1312 2818 ·

54 2897 110 2956 καί
131 2897 169 2978 νῆ
183 2896 252 2954 Δία
276 2890 460 2953 ἑαλωκέναι
483 2880 607 2971 λέγοιτ’
633 2891 673 2951 ἀν
695 2892 752 2952 καί
772 2891 856 2952 κατά
871 2893 994 2974 κράτος
1009 2889 1047 2965 ὃς
1064 2891 1171 2965 οὑτως
1186 2888 1312 2952 ἑάλωκε

10 3007 32 3055 b
55 2998 111 3056 καί
133 2993 437 3078 περιηγκωνίσθαι.
483 2992 521 3051 οὑ
543 2991 606 3074 γάρ
630 2991 670 3052 ἀν
692 2994 753 3070 μέν
775 2995 814 3054 τὸ
839 2996 935 3073 σῶμά
958 3013 1051 3068 τινος
1072 3001 1236 3078 κρατῆται
1256 2994 1313 3055 καί

58 3101 255 3179 περιέχηται
278 3090 416 3173 δεσμοῖς
438 3108 530 3154 τισιν
551 3092 570 3175 ῆ
593 3098 766 3177 φρουροῖς,
789 3095 831 3154 τὰ
854 3091 994 3180 δυσχερῆ
1019 3094 1075 3158 δεῖ
1091 3102 1197 3156 ταῦτα
1218 3096 1311 3176 νομί-

58 3195 124 3272 ζειν
147 3192 381 3275 αἰχμαλωσίαν
403 3195 458 3256 καί
481 3190 636 3255 δουλείαν
650 3197 707 3256 καί
725 3195 916 3280 ἀπαγωγῆν,
939 3205 999 3281 τῆς
1016 3195 1051 3258 δὲ
1067 3205 1177 3283 ψυχῆς
1192 3194 1312 3282 ῆνδρα·

58 3296 266 3382 ποδισμένης
287 3299 343 3359 καί
366 3293 584 3371 ἀπολωλυίας
606 3296 852 3380 εἰρωνεύεσθαι
872 3300 929 3360 καί
950 3300 1201 3379 ὑποτιμᾶσθαι.
1239 3301 1359 3364 καί-91

57 3422 111 3462 τοι
141 3398 233 3462 δεινά
262 3404 324 3479 μέν
353 3419 421 3460 που
449 3401 505 3461 καί
532 3390 591 3484 ἐφ’
625 3402 774 3461 ἑκάστων
804 3399 845 3458 τά
873 3406 1031 3477 τοιαῦτα,
1065 3399 1112 3481 τη]
1142 3402 1246 3462 παντί
1275 3398 1310 3461 δὲ

10 3513 33 3563 30
56 3503 177 3581 αἰσχίω
208 3498 356 3585 δημοσίᾳ
385 3497 583 3585 φαινόμενα.
627 3503 683 3562 καί
710 3501 772 3583 γάρ
804 3502 840 3561 αἱ
870 3497 990 3561 λοιπαί
1012 3497 1110 3563 νόσοι
1131 3507 1229 3585 μέχρι
1250 3504 1311 3582 μὲν

141 3765 265 3842 λαύτῆσ
282 3768 312 3821 Μ
383 3763 518 3826 &seclusi
586 3757 780 3841 3εύρύχσρον
797 3765 862 3822 Wil.
935 3763 1094 3850 4έκείνοις
1110 3769 1175 3824 secl.
1194 3769 1259 3825 Wil.

56 3862 71 3912 9
90 3847 159 3928 αύτη
176 3855 229 3926 μὲν
250 3850 324 3926 (γὰρ
348 3844 436 3926 ἦττον
458 3849 550 3924 δεινὴ)
573 3849 642 3919 ἴσως
746 3857 777 3907 13
796 3853 1015 3925 διατρίβωσινῆ
1040 3856 1188 3925 πηόώντεσ
1205 3854 1235 3909 Μ
1253 3857 1311 3910 δια·

56 3944 205 4014 τρίβουσιν
221 3935 240 4012 ἢ
256 3944 405 4011 πηίιῦντεσ
423 3939 496 3995 ΠΒΤ
514 3953 584 3993 corr.
602 3937 709 3994 Selden.
780 3941 811 3991 15
829 3935 1017 4010 ῥειπτοῦντεσ
1033 3937 1064 3991 Μ
1134 3943 1164 3994 17
1182 3934 1277 4008 μόνον
1293 3935 1312 4010 ἢ

58 4024 163 4097 ἑτέρων
180 4026 205 4082 U
222 4021 317 4094 μόνον
333 4020 353 4094 ἢ
369 4022 493 4096 ἑταίρων
505 4021 559 4076 ΤΜ
575 4017 669 4092 μόνον
685 4017 704 4093 ἢ
721 4019 878 4094 ἑταιρώνΒ
896 4022 961 4079 secl.
980 4022 1081 4077 Reiske
1155 4026 1186 4078 21
1207 4020 1312 4097 φερόν-

57 4132 115 4167 των
131 4127 184 4168 0m.
202 4110 253 4167 ΠΤ
341 4112 374 4163 22
392 4106 579 4181 άναιρεθεῖσα
597 4121 648 4175 pro
666 4100 731 4163 ἀλλ’
750 4105 806 4181 αίρ.
823 4108 854 4162 Μ
926 4106 1019 4160 malim
1035 4101 1082 4178 (ἦ)
1098 4110 1242 4180 γυναικών

57 4193 171 4268 αίπηται
189 4196 220 4250 Μ
324 4198 356 4248 23
375 4197 544 4267 θορυβεῖται
560 4189 641 4246 UBM
742 4190 881 4264 ἐκφρονεῖ
895 4191 945 4246 UB
963 4188 1098 4262 έκφρωνῆ
1113 4193 1145 4248 Μ
1161 4192 1310 4265 έκφονῆΤ

56 4297 127 4336 corr.
145 4281 225 4349 Emp.
299 4284 333 4333 24
351 4272 394 4334 ώσ
412 4271 481 4335 οὔθ’
500 4271 656 4333 ἑαλωκέναι
672 4279 722 4333 καί
739 4274 809 4342 libri,
828 4290 897 4332 corr.
915 4276 996 4345 Emp.
1014 4281 1042 4330 et
1059 4275 1176 4332 Geellus.
1211 4281 1260 4334 καί
1277 4277 1310 4351 νῆ

56 4367 111 4422 Δία
126 4396 158 4404 -
171 4366 419 4437 περιηγκωνίσθαι
437 4366 567 4431 suspecta
649 4365 681 4414 25
699 4361 880 4434 κρατῆσαιΒ
948 4363 997 4416 καί
1014 4364 1081 4434 περὶ
1098 4364 1230 4419 δουλείαν
1247 4367 1309 4430 (om.

54 4481 89 4490 -
107 4450 204 4520 ε’χηται
222 4481 253 4488 -
273 4449 472 4520 αἰχμαλωσίαν
494 4450 553 4512 καὶ)
575 4446 598 4499 Τ
703 4450 734 4499 27
760 4439 872 4517 ἀπάτην
888 4460 938 4514 pro
957 4438 1115 4518 ἀπαγωγὴν
1137 4446 1215 4513 libri,
1239 4463 1310 4504 corr,

54 4535 134 4603 Emp.
203 4537 236 4587 29
255 4526 309 4604 ἀφ’
328 4549 378 4602 pro
396 4525 448 4602 ἐφ’
465 4531 515 4587 UT
585 4525 697 4605 ἑκάστῳ
713 4530 783 4595 libri,
801 4544 871 4585 corr.
889 4529 969 4599 Emp.
987 4530 1026 4595 (in
1044 4530 1073 4583 Μ
1092 4553 1116 4588 ω
1133 4533 1161 4588 in
1178 4537 1243 4600 ras.)
