3068 5160
196 354 258 414 260
664 354 787 411 DIONIS
805 353 993 410 RHODIAGA

196 536 346 615 ἑτέρους,
371 523 456 605 εἷθ’,
479 531 563 612 όπερ
588 525 724 605 λοιπόν,
749 531 827 604 τούς
850 532 954 610 ὑγιεῖς
976 535 1052 609 μέν,
1077 531 1134 591 ούν.
1157 531 1295 609 ἔχοντας
1320 526 1359 590 δὲ
1387 531 1471 591 έπι-

195 635 345 716 γραφάς,
376 632 651 714 ἐπιγράφεσθαι·
682 633 738 693 καί
767 634 805 692 τό
839 628 960 693 λοιπόν
990 629 1052 716 ήδη
1081 633 1227 694 καὶτῶν
1251 635 1470 716 ἔπιγεγραμ·

197 739 306 814 μένων
336 733 430 806 τινάς
452 740 519 794 τῶν
543 730 677 818 σφόδρα
700 729 873 794 παλαιῶν·
898 735 984 794 ἔστιο
1002 734 1063 817 γάρ
1087 734 1106 794 ό
1130 730 1282 815 λέγουσιν
1306 730 1468 817 ἀληθές·

198 837 248 910 είς
275 837 415 918 ύστερον
441 836 564 919 ἀνάγκη
594 832 761 920 μηδεμίαν
793 833 878 896 εἷναι
909 831 1093 919 διάκρισιν·
1122 838 1179 897 καί
1207 837 1268 917 γάρ
1299 837 1363 897 ἐπί
1394 843 1469 897 τῶν

122 939 181 999 142
198 935 309 999 ἀλλιον
333 938 439 1011 ούτως
458 939 535 1016 ἔχει,
560 934 724 1021 δαπάνης,
748 937 924 1016 ἀκοσμίας,
947 946 1092 1023 τρυφῆς·
1118 935 1281 1000 οὐδέποτε
1305 944 1378 999 τῶν
1393 959 1469 1017 χει·
1493 951 1507 998 5

198 1043 305 1124 ρόνιον
328 1040 421 1100 ἐθῶν
446 1039 549 1100 ούθὲν
571 1041 726 1124 εὑρήσετε
751 1040 929 1118 ἱστάμενον
947 1035 1022 1099 ούδέ
1040 1037 1208 1118 διαμένον,
1231 1043 1295 1114 ἕως
1312 1041 1355 1101 ἀν
1375 1059 1469 1101 παν-

198 1145 329 1203 τάπασι
345 1137 494 1225 κωλυθῇ.
534 1138 590 1202 διά
606 1141 667 1224 γάρ
691 1142 729 1201 τό
747 1137 910 1218 δέχεσθαι
926 1142 1119 1225 πρόσθεσιν
1143 1143 1273 1204 ἀείκαὶ
1295 1143 1334 1202 τό
1362 1143 1469 1227 παρά

197 1246 316 1327 μικρόν
332 1239 562 1324 ἀνεξέλεγκτον
579 1241 737 1304 εἶναικαὶ
758 1239 877 1326 μηδενὶ
894 1243 1084 1327 φαίνεσθαι
1106 1241 1243 1327 ῥᾳδίως,
1267 1245 1336 1324 όσῳ
1356 1251 1468 1306 τοῦτο

197 1347 324 1407 ἐκείνου
346 1348 472 1421 κάκιον,
496 1348 555 1408 ἐπί
577 1352 643 1406 πάν
660 1347 827 1428 πρόεισιν,
852 1346 967 1427 ὥσπερ
985 1344 1081 1425 οἶμαι
1096 1347 1153 1408 καί
1168 1353 1235 1407 τῶν
1251 1344 1358 1407 ἑλκῶν
1384 1369 1468 1408 τινα

195 1449 340 1509 καὶτῶν
363 1449 563 1530 νοσημάτων
586 1449 649 1508 όσα
672 1443 709 1522 ἐξ
728 1449 879 1520 άπαντος
903 1443 1071 1523 αύξεσθαι
1096 1451 1198 1531 φύσιν
1221 1449 1297 1526 ἔχει.
1372 1451 1468 1534 πρὸς
1494 1461 1519 1511 11

196 1550 303 1630 τούτῳ
323 1545 357 1609 δὲ
373 1549 505 1610 κάκεῖνό
521 1551 629 1610 ἔστιν·
647 1550 680 1609 οἱ
695 1551 756 1628 μὲν
770 1551 860 1631 νόμῳ
884 1570 919 1611 τι
942 1551 1148 1633 πράττοντες
1168 1550 1316 1633 πονηρδν
1335 1551 1400 1629 οὐχ
1418 1553 1467 1625 ὡς

197 1657 351 1711 τοιοῦτον
368 1651 448 1712 αὐτὸ
465 1653 684 1734 πράττουσιν,
708 1647 792 1711 ἀλλά
810 1647 1076 1734 ἐξηπατημένοι·
1099 1653 1178 1726 τούς
1194 1648 1229 1713 δὲ
1245 1651 1324 1712 ἔθει
1342 1650 1466 1736 φαῦλα

197 1759 382 1826 ποιοῦντας
398 1754 546 1826 ἅπαντες
568 1754 609 1814 ἀν
634 1757 734 1838 φαῖεν
757 1750 891 1826 εἰδότας
907 1755 1122 1837 ἁμαρτάνειν,
1147 1756 1168 1814 ἀ
1186 1772 1221 1834 γε
1237 1743 1319 1836 μηδ’
1340 1755 1467 1829 αὐτοῖς

120 1856 179 1917 113
195 1852 373 1939 ἐπιτήδεια
390 1853 478 1916 εἶναι
493 1856 690 1939 γεγράφθαι
707 1852 806 1916 δοκεῖ.
850 1856 894 1939 μή
909 1856 1022 1916 τοίνυν
1038 1857 1069 1917 εί
1081 1857 1247 1939 πρότερον
1261 1851 1394 1939 ήρξατο
1407 1859 1467 1920 καὶ

193 1960 314 2041 χρόνος
337 1953 450 2018 πλέων
472 1961 602 2038 γέγονε,
633 1954 689 2019 διά
713 1965 811 2018 τοῦτο
835 1953 974 2018 ἔλαττον
996 1959 1074 2036 ὑμῖν
1097 1951 1247 2036 νομίζετε
1270 1960 1466 2043 προσήκειν
1489 1971 1514 2020 15

198 2061 278 2120 αύτό
303 2057 451 2122 ἀνελεῖν·
475 2056 571 2120 ούδέν
594 2060 655 2143 γάρ
679 2062 802 2144 ἥττονα
819 2062 978 2144 αἰσχύνην
995 2057 1161 2144 ὄφλουσιν
1178 2060 1211 2119 οί
1228 2056 1465 2143 φυλάττοντες

197 2163 238 2222 τά
262 2170 402 2223 τοιαῦτα
425 2168 492 2222 τῶν
515 2158 810 2245 παροδεξαμένιον,
835 2158 919 2222 ἀλλά
943 2162 1137 2223 τούναντίον
1159 2157 1284 2239 μᾶλλον
1299 2162 1465 2224 ἀπόκειν-

196 2285 254 2324 ται
281 2268 354 2336 τοῖς
383 2260 603 2343 βουλομένοις
632 2263 825 2324 αἰτιᾶσθαι.
871 2266 908 2324 τό
938 2268 999 2342 μέν
1027 2283 1063 2344 γε
1095 2269 1231 2346 πρῶτον
1259 2265 1464 2343 γιγνόμενον

198 2361 274 2426 ούδέ
299 2362 420 2426 λαθεῖν
443 2361 608 2425 ἀδύνατον
624 2366 703 2437 τούς
719 2366 804 2440 τότε,
828 2367 1004 2426 καὶταῦτα
1030 2362 1290 2450 φυλαττομένων
1314 2364 1366 2426 ἔτι
1392 2373 1464 2427 τῶν

198 2468 405 2528 ποιούντων·
434 2469 473 2528 τό
506 2463 541 2528 δὲ
571 2468 606 2526 έκ
635 2462 767 2525 πολλού
794 2467 977 2545 συμβαῖνον
1008 2467 1130 2550 ἀνάγκη
1160 2462 1287 2549 μηδένα
1311 2467 1463 2551 ἀγνοεῖν,
1487 2481 1515 2530 Μ

197 2564 308 2642 ἀλλιος
329 2588 365 2629 τε
388 2566 563 2642 παντελῶς
588 2569 795 2651 ἀνῃρημένης
818 2567 895 2646 ύμῖν
924 2576 983 2653 τῆς
1017 2569 1226 2652 προφάσεως
1247 2569 1389 2652 ταύτης,
1426 2571 1466 2631 οἵ
1479 2585 1525 2636 (351

197 2690 232 2752 γε
256 2672 335 2754 περὶ
359 2672 463 2732 αύτού
483 2673 602 2732 τούτου
625 2670 786 2753 κάθησθε
808 2670 985 2754 κρίνοντες.
1025 2671 1141 2753 ὥσπερ
1159 2669 1216 2730 ούν
1232 2670 1263 2731 εί
1279 2665 1462 2752 ἀρξασθαί

196 2793 289 2847 τινος
312 2770 382 2834 ἔδει
404 2780 470 2833 τῶν
492 2769 602 2833 καλῶν
625 2773 720 2850 ἀμοῖς,
746 2772 803 2831 ούκ
825 2773 866 2832 ἀν
889 2773 1023 2832 ὠκνεῖτε
1041 2768 1096 2832 διά
1120 2777 1229 2848 τούτο,
1254 2771 1378 2851 ὁμοίως
1402 2773 1456 2832 εύ-

120 2876 181 2935 144
199 2872 304 2956 λόγως
327 2876 412 2953 ἔχει,
441 2876 502 2935 κάν
531 2871 632 2934 λῦσαί
658 2894 692 2934 τι
721 2879 787 2933 τῶν
812 2871 951 2959 φαύλων
975 2871 1042 2957 δέη.
1086 2875 1130 2957 μή
1162 2875 1274 2935 τοίνυν
1297 2874 1461 2956 όχρόνος

198 2972 372 3060 ὠφελείτω
397 2978 435 3037 τὸ
460 2976 559 3051 ἔθος,
589 2973 685 3058 εἴπερ
709 2977 782 3039 ἔστί
809 2978 1002 3060 μοχθηρόν,
1034 2977 1080 3048 ὡς
1108 2971 1217 3036 πάλαι
1246 2969 1371 3054 νομίζω
1396 2994 1461 3037 πε·
1485 2990 1514 3038 25

198 3070 378 3159 ποιηκέναι
408 3079 562 3160 φανερόν,
609 3078 646 3138 ού
675 3078 736 3162 γάρ
767 3081 797 3140 εί
820 3076 927 3140 πολύν
947 3081 1068 3162 χρόνον
1095 3074 1243 3159 ἔβλαψεν
1265 3078 1367 3156 ύμοῖς,
1401 3075 1461 3140 διά

197 3187 296 3240 τοῦτο
322 3177 419 3258 οἶμαι
442 3180 624 3263 προσήκειν
648 3181 728 3242 αύτό
752 3178 923 3265 μηδέποτε
948 3180 1156 3241 παύσασθαι
1170 3176 1333 3261 βλάπτον.
1377 3177 1460 3242 ούδέ

197 3281 259 3366 γάρ
283 3278 387 3364 ἀνδρα
410 3281 585 3365 μοχθηρόν
608 3284 644 3343 ἐκ
667 3279 798 3342 πολλοῦ
819 3278 977 3361 λαβόντες
1000 3284 1149 3367 ἀφήσετε
1171 3287 1232 3343 τού
1250 3283 1372 3365 χρόνου
1395 3284 1460 3361 χά-

285 3519 295 3566 1
316 3505 376 3570 τόδ’
389 3514 414 3568 U
427 3513 480 3578 [εἰσ
492 3514 554 3578 ΒΜ]
567 3529 658 3568 errore
675 3514 729 3568 huc
747 3515 862 3569 relatum
878 3515 913 3568 ab
926 3515 1005 3582 Emp.
1060 3503 1135 3586 άπερ
1147 3509 1263 3569 λοιπὸνι
1283 3513 1366 3567 scrib.
1381 3503 1462 3588 ὅπερ

196 3593 286 3667 (ἀκό)
304 3603 413 3654 λονδον
499 3589 757 3672 4άσύστερονΤ
827 3595 959 3657 ῖάλλωο
976 3599 1029 3652 ΒΜ
1121 3592 1243 3655 θούθὲν
1260 3614 1312 3652 om.
1331 3597 1388 3652 UM

199 3677 346 3754 εὑρήσεται
365 3683 394 3736 Μ
448 3683 597 3751 διδόμενον
614 3698 663 3751 pro
682 3683 815 3753 διαμένον
827 3683 895 3752 UM;
914 3683 978 3740 Wil.
997 3683 1142 3738 alectione
1153 3683 1210 3738 ΠΜ
1227 3681 1463 3751 proficiscendum

198 3773 282 3834 ratus,
300 3769 399 3822 omisso
412 3768 537 3823 videlicet
555 3761 644 3825 οὐδὲν
661 3771 725 3822 ante
743 3762 887 3840 εύρήσετε,
906 3774 1058 3839 exspectat:
1078 3761 1167 3834 οὐδέν,
1184 3761 1266 3838 <dis
1287 3765 1353 3838 ἔτι)
1371 3766 1463 3826 διδόν,

198 3847 252 3918 ἕως
270 3848 305 3909 ἀν
322 3856 374 3908 etc.
427 3850 580 3910 9κάκεῖον
594 3852 624 3905 Μ
676 3851 818 3909 ἔτιίιιανΒ
874 3859 904 3906 10
921 3844 1313 3921 έξάπαντοςοοοίοίοδθςος
1331 3853 1462 3910 desidero

197 3936 229 4004 ἔξ
244 3931 333 4009 ἀρχῆς
401 3933 480 4008 πρδσ
498 3941 585 3994 τοῦτο
600 3937 647 3992 UT
702 3943 731 3991 11
751 3942 810 3994 τῶν
827 3943 964 4010 πονηρῶν
981 3939 1030 3995 UT
1092 3943 1122 3993 13
1141 3935 1268 4010 άίγεΜ
1327 3942 1358 3991 15
1377 3942 1463 4008 νομί-

198 4025 275 4091 ζεται
290 4022 312 4077 U
330 4025 465 4095 νομίζητε
478 4023 501 4076 Τ
556 4026 586 4076 16
605 4018 695 4080 αὐτὸν
712 4016 825 4081 ἀνελεῖν
836 4023 867 4078 Μ
880 4016 977 4081 αὐτῶν
994 4017 1109 4092 ἀμελεῖν
1120 4023 1202 4089 UBT,
1221 4038 1290 4078 corr.
1304 4021 1412 4090 Pflugk.

854 4105 931 4164 δκ’
975 4129 991 4164 ν

196 4165 283 4247 ἦττον
295 4177 344 4232 UT
420 4171 559 4248 ὀφλοῦσιν
576 4176 632 4232 MU
703 4181 733 4231 17
752 4129 993 4248 παραδεξδιμλλδνν
1011 4176 1126 4242 (siem
1183 4170 1350 4233 ύπόκεινται
1371 4208 1400 4216 -·
1423 4176 1461 4236 τὸ

196 4261 248 4330 μέν
271 4283 304 4335 γε
326 4279 377 4318 om.
403 4262 453 4316 UT
551 4266 582 4316 18
604 4258 662 4335 γάρ
685 4278 737 4331 pro
759 4282 792 4335 γε
815 4261 916 4316 Βείελιε
1011 4257 1165 4332 γινόμενον
1188 4259 1235 4313 ΒΤ
1331 4262 1363 4313 20
1387 4281 1460 4333 συμ·

195 4351 306 4418 βαῖνον
322 4349 348 4403 U
430 4352 460 4402 21
482 4343 572 4405 ἀλλοσ
589 4347 620 4401 Μ
706 4342 771 4416 ὑμῖν
789 4347 904 4412 selden„
921 4339 1003 4414 ὑμῶν
1019 4345 1082 4399 libri
1169 4349 1202 4399 22
1219 4341 1387 4402 κάδισθεΰ

197 4436 228 4485 '23
253 4426 385 4488 ἀννεῖται
402 4433 433 4487 Μ
536 4427 580 4490 διὰ
602 4435 689 4488 τοῦτο
713 4436 882 4500 suspectum
907 4431 998 4485 maIIm
1020 4426 1064 4488 διὰ
1090 4428 1123 4488 τὸ
1147 4425 1216 4495 ἔθος
1321 4435 1352 4484 21
1378 4426 1462 4510 αύτῷ

197 4515 271 4572 UBT
