3068 5160
142 350 207 407 XIV
626 350 916 407 Paonneonfflna

140 522 196 588 fol.
223 526 297 605 137,
327 542 413 589 saeo.
436 521 516 588 XVI
539 523 595 607 qui
627 521 828 610 ,Philostrati
855 518 1029 606 imagines'
1062 526 1204 592 eontinet
1232 530 1264 592 et
1285 525 1364 592 inde
1388 547 1411 594 a

140 624 195 690 iol.
214 628 275 689 126
289 625 405 691 Dionis
420 644 464 690 or.
482 625 508 690 Ι.
523 626 567 690 Π.
595 624 680 690 Nam
695 626 832 710 primam
847 627 1024 692 orationem
1039 627 1087 693 sio
1101 627 1235 694 insoribi
1251 626 1409 696 Cuntnius

140 727 221 792 mihi
248 726 406 792 indioavit
435 727 499 805 (eui
521 725 562 791 de
584 725 764 810 Hispaniae
786 725 950 794 oodioibus
973 727 1076 795 debeo
1098 730 1234 809 omnia):
1267 734 1408 809 Δίωνος

141 839 203 892 τοῦ
216 834 464 914 Χρυσοστόμου
489 833 568 913 περὶ
590 828 767 912 βασιλείας
790 834 877 915 πρὸς
895 834 1136 896 Bannaventa
1158 837 1216 896 τὸν
1240 836 1407 920 αὐτοκρά-

140 953 233 1017 τορα.
273 931 375 1013 Atqui
396 929 481 994 hano
504 928 544 995 de
566 928 764 995 orationibus
787 935 867 1018 περί
891 932 1069 1015 βασιλείας
1095 931 1139 998 ad
1164 932 1407 1018 Vespasianum

138 1033 267 1118 seriptis
283 1033 467 1117 opinionem
489 1051 554 1096 non
576 1031 640 1098 nisi
661 1032 695 1096 in
717 1031 812 1099 huius
833 1032 980 1100 familiae
1002 1033 1094 1101 libris
1109 1035 1249 1101 inveniri
1264 1043 1405 1104 oonstat.

139 1133 199 1212 (ef.
222 1135 315 1218 Emp.
337 1133 439 1219 praef.
463 1137 560 1211 §diat

223 1238 447 1320 Mosquensem
463 1236 523 1317 (R),
547 1255 588 1300 ex
610 1255 674 1319 quo
688 1235 845 1302 Matthaei
861 1256 947 1302 anno
964 1241 1046 1302 1776
1062 1244 1142 1303 orat.
1157 1239 1271 1304 XVIII
1286 1239 1403 1325 edidit,

137 1357 210 1402 oum
232 1338 396 1402 Maroiano
412 1339 440 1402 T
462 1337 622 1404 artissime
644 1337 817 1403 oohaerere
839 1335 1071 1405 demonstravit
1085 1340 1236 1408 Mahnius
1253 1361 1330 1426 pag.
1348 1346 1403 1409 88.

223 1439 314 1504 Nihil
340 1459 425 1504 nuno
454 1439 534 1504 mihi
556 1445 680 1505 oonstat
703 1439 743 1505 de
764 1439 922 1506 Parisinis
945 1444 1038 1524 2930,
1062 1442 1185 1525 quior.
1208 1443 1295 1509 LIII.
1314 1444 1403 1511 LIV.

140 1539 231 1605 LVII
253 1547 286 1606 et
308 1545 401 1625 2960,
425 1544 481 1625 qui
503 1561 548 1606 or.
571 1541 677 1606 I-IV
700 1542 841 1607 eontinet
864 1541 916 1622 (of.
939 1541 1031 1627 Emp.
1054 1543 1155 1628 praef.
1179 1549 1197 1622 ξ
1218 1551 1254 1613 31
1281 1551 1313 1611 et
1337 1551 1402 1626 32).

139 1641 205 1709 Sed
233 1643 376 1710 eiusdem
403 1645 576 1728 prosapiae
599 1663 670 1710 esse
692 1644 846 1728 snspIoor.
884 1644 973 1709 Nihil
996 1645 1093 1711 etiam
1116 1645 1157 1712 de
1180 1645 1402 1714 Cononioiano

136 1765 185 1827 gr.
208 1750 246 1810 41
279 1746 335 1830 qui
364 1745 445 1813 duas
474 1766 519 1812 or.
549 1746 590 1812 de
617 1766 718 1829 regno
748 1747 898 1812 eontinet.
923 1746 963 1812 of.
987 1746 1076 1813 Ooxe
1098 1748 1182 1816 Bibl.
1204 1748 1296 1815 Bodl.
1320 1749 1401 1817 Ood.

135 1848 296 1914 Mannsor.
318 1850 355 1914 P.
377 1850 437 1915 III.

222 1951 289 2016 Hos
311 1951 411 2034 igitur
432 1955 479 2017 tot
499 1950 626 2017 eodioes
643 1970 683 2017 ex
699 1970 763 2016 uno
778 1949 938 2017 Urbinate
952 1951 983 2017 U
1000 1950 1161 2018 derivatos
1176 1972 1246 2018 esse
1263 1959 1400 2020 constat.

138 2051 223 2131 Quin
252 2055 350 2120 ettam
373 2056 503 2138 ignotus
528 2056 585 2120 ille
607 2053 711 2120 oodex
732 2053 796 2138 (S),
827 2073 868 2120 ex
892 2074 954 2139 quo
976 2055 1237 2122 Hemsterhusius
1258 2056 1402 2140 margini

137 2157 279 2239 exempli
301 2157 352 2222 sui
366 2157 550 2224 Morelliani
564 2157 755 2223 varietatem
770 2157 919 2223 leetionis
935 2157 1107 2242 adseripsit
1122 2156 1175 2241 (of.
1188 2157 1280 2241 Emp.
1296 2157 1399 2240 praef.

136 2260 154 2333 ξ
170 2261 234 2339 44),
257 2256 401 2323 eiusdem
417 2259 552 2340 originis
568 2278 639 2325 esse
655 2278 694 2325 eo
709 2259 864 2342 arguitur,
889 2258 975 2343 quod
989 2279 1061 2325 oum
1075 2258 1319 2326 Vindobonensi
1337 2263 1399 2326 109

135 2358 170 2422 in
198 2358 361 2444 plerisque
395 2361 574 2444 seripturae
608 2361 697 2426 vitiis
734 2362 903 2426 eonsentit.
958 2359 1053 2426 Unde
1087 2360 1131 2426 ad
1162 2359 1395 2427 reeensendum

134 2459 272 2526 Dionem
294 2461 355 2527 hoo
381 2462 556 2545 lucramur,
580 2461 666 2546 quod
687 2460 846 2527 infinitam
868 2461 959 2526 illam
980 2462 1135 2528 librorum
1155 2461 1394 2529 multitudinem
1412 2527 1416 2535 ,

134 2562 223 2628 nullo
237 2563 354 2630 Dionis
376 2563 567 2630 detrimento
589 2565 735 2630 omittere
756 2563 822 2628 iam
844 2582 1023 2647 possumus.
1059 2564 1130 2628 Iam
1151 2564 1194 2628 ad
1209 2565 1394 2631 Parisinum

134 2669 160 2733 B
183 2674 383 2735 revertamur
404 2667 456 2747 (of.
468 2689 500 2753 p.
512 2667 566 2751 X),
590 2687 630 2733 ao
652 2665 830 2749 videamus,
853 2685 930 2730 num
951 2666 1021 2731 iure
1037 2664 1148 2749 Sonny
1163 2665 1248 2730 huno
1264 2686 1394 2750 quoque

133 2769 344 2838 UrbinatisU
360 2769 460 2836 filium
476 2789 546 2837 esse
568 2767 778 2835 oontenderit.
821 2767 906 2833 Nam
929 2787 1000 2833 oum
1015 2765 1224 2832 ParisinnsB
1245 2767 1394 2851 plurImis

133 2873 221 2957 loeis,
245 2873 302 2940 ubi
320 2873 354 2938 in
369 2872 527 2939 Urbinate
543 2870 746 2955 corruptelae
761 2874 899 2952 exstant,
923 2888 995 2934 oum
1012 2869 1076 2934 VM
1097 2869 1133 2934 in
1154 2887 1232 2935 vera
1253 2868 1394 2935 Ieotione

133 2975 321 3056 eonsentiat,
345 2974 510 3058 quaeritur
531 2992 608 3037 num
630 2991 670 3038 ea
691 2972 817 3037 ratione
840 2971 901 3036 hoo
919 2971 1078 3056 explioari
1092 2971 1203 3055 possit,
1225 2976 1261 3036 ut
1283 2971 1394 3038 arohe-

132 3080 245 3160 typum
261 3074 381 3141 oodiois
398 3076 425 3140 Β
442 3095 483 3141 ex
502 3072 614 3140 oodioe
625 3072 820 3139 VatioaniV
838 3073 938 3139 simili
950 3078 1128 3139 oorreotnm
1143 3091 1215 3139 esse
1231 3072 1391 3138 credatur.

132 3177 240 3260 Atque
267 3177 328 3242 hoo
356 3176 486 3262 quidem
515 3197 536 3242 a
564 3175 676 3241 limine
705 3173 861 3259 eonoedo,
894 3181 1023 3261 praeter
1050 3175 1240 3260 apographa
1267 3175 1392 3240 nullum

132 3279 233 3344 alium
265 3278 382 3345 librum
415 3278 456 3344 ab
479 3277 638 3344 Urbinate
665 3282 732 3344 tam
759 3297 860 3364 prope
888 3277 1002 3346 abesse
1024 3297 1121 3361 quam
1143 3278 1326 3343 Parisinum
1347 3276 1392 3359 B;

132 3379 313 3447 derivatum
335 3399 406 3447 esse
429 3399 470 3446 en
492 3400 530 3447 eo
552 3379 735 3466 praefraote
756 3399 850 3465 nego.
889 3379 1004 3464 Neque
1026 3399 1110 3464 quae
1126 3378 1236 3463 Sonny
1258 3379 1392 3462 protulit

132 3483 173 3550 de
200 3484 304 3550 titulis
332 3489 411 3548 orat.
434 3483 579 3548 LXXIX
608 3488 641 3549 et
662 3482 791 3548 LXXX
819 3482 863 3548 ad
888 3481 1081 3549 sententiam
1103 3481 1173 3546 eius
1193 3479 1392 3546 fuloiendam

131 3590 209 3670 puto
231 3583 350 3651 idonea
371 3605 452 3652 esse.
490 3583 652 3651 Orationis
673 3583 819 3649 LXXIX
841 3584 875 3648 in
888 3583 915 3647 B
930 3583 993 3648 hae
1014 3583 1117 3648 forma
1130 3582 1243 3648 titulus
1258 3581 1391 3648 exhibe·

129 3693 197 3753 tur:
221 3692 300 3775 περί
315 3687 464 3752 πλούτου
480 3696 547 3773 τῶι
563 3692 598 3752 ἐν
614 3687 763 3772 Κιλικίᾳ,
786 3685 940 3749 orationis
954 3683 1082 3749 LXXX
1098 3688 1177 3769 περί
1192 3684 1391 3771 ἐλευθερίας

131 3809 204 3855 oum
225 3789 260 3854 in
282 3788 447 3855 eodioibus
468 3788 499 3854 U
521 3793 554 3853 et
575 3788 617 3870 M,
640 3785 756 3869 quibus
778 3785 831 3850 hio
846 3785 923 3850 solis
937 3787 1066 3868 utimur,
1090 3805 1134 3850 or.
1149 3785 1294 3851 LXXIX
1310 3790 1391 3874 περὶ

130 3891 279 3956 πλούτου
302 3891 491 3976 simpliciter
512 3887 640 3971 audiat,
669 3908 714 3954 or.
737 3887 866 3952 LXXX
888 3886 1174 3973 terrenitate
1197 3893 1276 3975 περὶ
1299 3888 1388 3952 ἐλεα-

129 3996 262 4080 θερίας.
307 3992 431 4059 Vitium
460 3990 579 4056 oodiois
601 3989 629 4055 B
652 4027 693 4037 —
715 4009 792 4055 nam
814 3990 855 4057 ab
879 4008 917 4055 eo
938 3994 1107 4074 peoeatum
1130 4007 1201 4055 esse
1222 4009 1279 4073 pro
1303 3996 1391 4055 oerto

130 4100 179 4160 est
200 4131 242 4141 —
264 4093 341 4160 inde
369 4092 547 4178 explicavit
575 4091 625 4156 vir
655 4090 782 4175 doetus,
813 4091 899 4176 quod
925 4092 959 4157 in
981 4090 1154 4174 Urbinate,
1185 4091 1390 4174 quimorem

129 4197 250 4264 habeat
275 4199 310 4263 in
331 4196 395 4263 fine
417 4195 571 4262 orationis
592 4195 721 4260 titulum
742 4193 918 4278 repetendi,
940 4194 1022 4260 haee
1043 4194 1164 4278 seripta
1185 4194 1249 4260 sint
1270 4193 1304 4258 in
1326 4192 1390 4259 fine

129 4300 283 4365 orationIs
298 4299 459 4364 LXXIX:
483 4302 562 4385 περὶ
578 4297 726 4362 πλούτου
746 4323 783 4362 m
797 4306 864 4361 τῶν
880 4302 914 4362 ἑν
930 4297 1069 4382 Κιλικίᾳ
1085 4301 1164 4382 περί
1179 4296 1388 4382 ἐλευθερίας,

128 4407 164 4466 ut
186 4402 243 4486 qui
264 4401 346 4467 haeo
368 4399 563 4467 deseriberet
585 4399 682 4466 faeile
699 4397 800 4465 verba
814 4408 881 4464 τῶν
897 4402 932 4463 ἐν
947 4398 1086 4484 Κιλικίᾳ
1102 4397 1144 4463 ad
1157 4396 1388 4463 anteoedentia

128 4524 186 4588 per
208 4521 347 4570 errorem
368 4501 487 4569 referre
508 4507 626 4586 posset.
665 4500 750 4581 Quid
770 4499 871 4566 vero?
898 4501 1044 4584 potuitne
1066 4499 1161 4588 idem,
1175 4499 1334 4584 aooidere,
1358 4502 1387 4567 si
