3068 5160
209 270 271 329 222
671 270 793 325 DIONIS
812 265 1002 324 RHODIAOA

207 448 515 530 προσήκοντοςκαὶ
540 457 600 509 τοῦ
628 449 788 530 πράττειν
819 442 968 528 ἀληθῶς.
1015 440 1087 502 οἷον
1113 440 1219 514 εύθύς
1244 439 1313 514 τὰς
1340 439 1478 516 θυσίας,

207 550 247 622 ἀς
277 551 434 610 έκάστοτε
463 547 620 629 τελοῦμεν
643 555 715 622 τοῖς
738 549 852 623 θεοῖς,
881 547 955 607 ἔστι
977 546 1020 628 μή
1048 543 1223 616 θύσαντας
1248 544 1411 627 φάσκειν
1434 562 1478 604 τε·

207 651 356 726 θεκέναι,
379 654 491 730 μόνον,
516 653 556 712 ἀν
580 648 670 734 δοκῇ,
695 652 1019 733 στεφανωσαμένους
1040 646 1096 707 καί
1118 642 1165 725 τῷ
1188 642 1302 726 βωμῷ
1331 641 1478 729 προσελ-

209 757 334 827 θόντας
358 748 425 836 [καί
448 760 514 814 τῶν
539 749 644 813 ούλων
667 749 892 832 θιγγάνοντας
915 750 970 810 καί
992 744 1097 808 τάλλα
1121 754 1317 821 ποιοῦντας
1346 749 1399 822 ὡς
1421 739 1475 832 ἐφ’

207 851 417 940 ἱερουργίαςή.
462 857 494 916 τί
513 847 565 930 δ’,·
589 847 661 934 ούχί
682 845 784 914 ταύτδ
810 854 931 935 ἱερεῖον
948 852 1077 912 ἅπασιν
1093 851 1128 910 ἐν
1150 845 1259 930 κύκλῳ
1277 853 1364 924 τοῖς
1382 846 1501 931 ἀγάλ-1

203 975 289 1036 μασι
320 957 570 1040 προσάγοντας,
601 957 648 1038 τῷ
677 963 738 1016 τοῦ
758 957 861 1030 Διός,
891 951 937 1034 τῴ
962 961 1023 1014 τοῦ
1039 944 1168 1027 Ἡλίου,
1200 950 1250 1033 τῷ
1281 960 1351 1037 τῆς
1374 943 1476 1037 Ἀθή-

204 1067 282 1135 νάς,
312 1062 368 1121 καί
391 1068 545 1144 πανταχῇ
567 1059 863 1130 κατασπείσαντας
891 1063 994 1117 πᾶσιν
1022 1054 1163 1117 οἴεσθαι
1184 1055 1384 1118 τεθυκέναι
1408 1061 1477 1130 τοῖς

155 1167 189 1225 11
205 1163 303 1235 θεοῖς
326 1153 363 1222 ού
388 1159 526 1245 ρ’ήδιον;
548 1163 600 1235 τίς
617 1152 649 1221 δ’
676 1163 694 1220 δ
716 1156 893 1233 κωλύσων,·
915 1159 973 1219 έάν
998 1155 1033 1218 δέ
1058 1155 1095 1242 δή
1119 1157 1235 1236 βωμὸν
1259 1158 1280 1241 ἢ
1307 1159 1401 1219 ναὸν
1424 1165 1476 1219 νῦν

203 1284 295 1336 τινος
319 1261 529 1346 ἱδρύσασθαι
555 1260 767 1346 θελήσωμεν·
796 1261 936 1344 καὶγὰρ
961 1262 991 1321 εί
1015 1262 1151 1320 πάντων
1181 1259 1251 1320 είσί
1275 1250 1373 1342 παρ’
1401 1259 1475 1338 ύμῖν

203 1358 280 1446 [τῶν
311 1359 431 1448 θεῶν],
463 1367 520 1425 ούκ
549 1362 714 1425 ἀδύνατον
745 1362 841 1441 οἶμαι
869 1364 925 1424 καί
953 1362 1092 1444 κρείττω
1121 1362 1389 1423 κατασκευάσαι
1420 1367 1476 1422 τον·
1490 1369 1505 1420 11

202 1470 368 1549 πρότερον
391 1468 447 1527 καί
471 1463 526 1527 διὰ
551 1463 718 1526 πλειόνων
741 1471 840 1544 τιμᾶν
864 1460 1078 1547 προελέσθαι
1100 1463 1157 1522 τὸν
1177 1462 1298 1522 αὐτόν·
1325 1454 1392 1547 ἆρ’
1421 1464 1474 1542 οὐχ

202 1571 337 1646 ἕτοιμον
360 1565 527 1644 ἐξοικίσαι
549 1569 623 1629 τινά
647 1575 714 1628 τῶν
737 1563 847 1627 ἀλλων
873 1568 963 1627 θεῶν
985 1567 1226 1650 ήμετενεγκεῖν
1250 1585 1287 1625 τι
1310 1572 1388 1627 τῶν
1413 1563 1472 1650 ήδη

200 1671 482 1753 καθιερωμένων;
505 1672 522 1754 ή
547 1672 602 1731 καί
625 1673 684 1755 τήν
707 1671 900 1754 ἐπιγραφήν
924 1664 1066 1744 ἀλλάξαι
1082 1669 1194 1746 μόνον,
1219 1665 1238 1726 ὃ
1262 1672 1325 1727 νύν
1352 1675 1473 1729 ποιοῦ·

199 1792 279 1850 μεν;
306 1774 418 1833 καίτοι
448 1775 505 1833 τὸν
534 1775 596 1851 μέν
619 1765 776 1834 Ἀπόλλω
805 1772 861 1832 καί
890 1773 947 1831 τὸν
969 1761 1088 1832 Ἥλιον
1119 1769 1176 1829 καί
1203 1770 1262 1828 τὸν
1294 1770 1473 1831 Διόνυσον

200 1873 287 1934 ἔνιοί
310 1893 416 1958 φασιν
439 1873 526 1935 εἶναι
549 1878 607 1936 τὸν
631 1876 748 1950 αὐτόν,
778 1875 833 1935 καί
856 1874 951 1951 ὑμεῖς
975 1873 1060 1932 οὕτω
1084 1864 1251 1949 νομίζετε,
1279 1867 1418 1934 πολλοί
1441 1870 1506 1933 δίύ

198 1977 255 2036 καί
283 1973 401 2050 ἁπλῶς
431 1980 509 2051 τούς
539 1978 642 2052 θεούς
672 1979 803 2049 πάντας
832 1977 881 2048 είς
908 1976 989 2053 μίαν
1019 1973 1092 2034 τινὰ
1121 1973 1215 2050 ίσχύν
1237 1974 1298 2034 καί
1323 1969 1472 2054 δύναμιν

201 2080 410 2158 συνάγουσιν,
435 2080 521 2141 ὥστε
543 2077 647 2164 μηδὲν
672 2076 847 2162 διαφέρειν
871 2080 908 2137 τὸ
933 2083 1050 2136 τοῦτον
1073 2075 1235 2158 ήέκεῑνον
1251 2082 1372 2153 τιμᾶν.
1415 2078 1472 2138 ἐπί

200 2177 236 2239 δέ
260 2186 326 2239 τῶν
350 2181 546 2264 ἀνθρώπων
577 2182 679 2242 ούθέν
710 2183 783 2240 ἐστι
812 2187 982 2240 τοιοῦτον·
1014 2167 1088 2237 ἀλλ’
1115 2177 1134 2236 ὁ
1157 2173 1274 2250 διδούς
1298 2178 1343 2237 τά
1371 2175 1471 2240 τοῦδε

151 2284 300 2364 12έτέρῳ
325 2290 444 2343 τοῦτον
467 2281 641 2367 ἀφῄρηται
664 2289 730 2342 τῶν
759 2286 890 2342 ἑαυτοῦ.
979 2282 1015 2365 νή
1040 2280 1126 2354 Δία,
1156 2269 1232 2338 ἀλλ’
1259 2278 1322 2357 ούχ
1346 2282 1470 2359 ὅμοιον

197 2383 236 2442 τδ
261 2384 486 2465 παραβαίνειν
509 2385 550 2444 τά
574 2386 660 2466 πρὸς
677 2385 755 2456 τούς
772 2384 875 2456 θεούς
890 2383 945 2443 καί
961 2382 1002 2442 τά
1027 2383 1113 2464 πρὸς
1135 2381 1213 2453 τούς
1237 2379 1469 2464 ἀνθρώπους.
1488 2391 1508 2440 11

198 2476 272 2544 οὐδ’
298 2487 361 2566 ἐγώ
387 2507 484 2571 φημι.
531 2485 755 2568 παραβαίνειν
780 2480 814 2544 δὲ
839 2486 930 2562 ὅμως
957 2485 1030 2544 ἔστι
1052 2484 1108 2544 καί
1130 2481 1171 2542 τά
1195 2483 1284 2564 πρὸς
1308 2486 1467 2560 τούτους,

197 2589 277 2647 δτον
301 2609 352 2661 τις
377 2589 492 2662 αύτοῖς
513 2589 557 2672 μή
581 2589 683 2668 ὑγιῶς
706 2591 955 2671 προσφέρηται,
978 2582 1062 2669 μηδὲ
1085 2585 1164 2657 τούς
1185 2585 1246 2663 μέν
1270 2581 1468 2671 εἰληφότας

180 2691 260 2751 »ἐῶν
284 2691 370 2769 ἔχειν
394 2693 415 2750 ά
438 2711 473 2772 γε
497 2687 635 2762 δικαίως
658 2685 794 2768 ἔλαβον,
824 2693 896 2762 τοῖς
921 2684 956 2748 δέ
980 2683 1090 2763 ἀξίοις
1113 2682 1233 2762 δόξασι
1254 2693 1326 2748 τῶν
1350 2688 1467 2750 αὐτῶν
1479 2695 1530 2752 σοι

196 2794 214 2851 ύ
238 2809 342 2875 φησιν
360 2794 464 2865 ἀντως
488 2788 611 2867 διδούς,
636 2787 720 2850 ἀλλά
744 2792 822 2864 τούς
844 2792 905 2868 μέν
925 2790 1125 2872 ἀποστερῶν
1141 2796 1199 2872 τῆς
1216 2784 1359 2871 δωρεᾶς,
1385 2791 1467 2864 τούς

148 2889 232 2955 13δέ
257 2895 372 2976 ὥσπερ
402 2890 582 2976 ἐνεδρεύων
611 2894 667 2954 καί
690 2887 1009 2975 παραλογιζόμενος.
1054 2895 1073 2976 ή
1103 2892 1163 2970 μὲν
1188 2889 1244 2950 ούν
1269 2892 1381 2974 φύσις
1405 2899 1468 2953 τοῦ
1485 2901 1507 2952 2

196 2996 394 3074 πράγματος
417 2996 517 3074 ὁμοία
540 2996 656 3056 καὶτὸ
681 3000 793 3055 ποιεῖν
817 2996 929 3056 ὁτιοῦν
952 2994 1036 3073 μετὰ
1059 2995 1194 3076 ἀπάτης
1215 2993 1271 3054 καὶ
1295 3011 1465 3076 φενακισ·

194 3103 261 3174 μού
281 3098 337 3156 καὶ
358 3105 417 3181 τής
439 3098 582 3181 ἐσχάτης
603 3094 820 3181 μικρολογίας
842 3097 961 3157 ταύτό·
992 3093 1149 3181 διαφέρει
1173 3086 1217 3170 δ’,
1245 3096 1300 3155 ὅτι
1331 3095 1376 3156 τὰ
1401 3098 1464 3176 μέν

195 3199 275 3280 περί
296 3200 375 3272 τούς
397 3199 502 3272 θεούς
524 3203 700 3280 γιγνόμενα
723 3202 766 3284 μή
793 3196 937 3272 δεόντως
952 3199 1149 3283 ἀσεβήματα
1164 3193 1330 3274 καλεῖται,
1354 3199 1401 3259 τοί
1428 3195 1463 3259 δὲ

195 3301 282 3383 πρὸς
304 3296 468 3384 ἀλλήλους
492 3306 564 3375 τοῖς
588 3302 790 3384 ἀνθρώποις
814 3298 1013 3385 ἀδικήματα.
1059 3303 1186 3360 τούτων
1209 3301 1268 3384 τήν
1290 3301 1356 3378 μέν
1381 3301 1463 3362 ἀσέ·
1487 3322 1498 3341 ’

193 3402 289 3482 βειαν
313 3402 399 3462 ἔστω
422 3405 466 3487 μή
492 3410 671 3486 προσεῖναι
695 3401 741 3484 τῴ
765 3411 821 3464 νῦν
844 3398 1068 3484 ἐξεταζομένῳ
1099 3404 1288 3485 πράγματι·
1320 3404 1361 3464 τὸ
1388 3399 1462 3464 λοι·
1482 3411 1507 3462 21

280 3607 295 3656 3
314 3604 404 3656 malim
423 3598 531 3674 <αύτδ>
549 3599 643 3672 μόνον
712 3608 728 3656 4
747 3607 805 3658 ταῖν
824 3595 918 3658 ούδῶν
930 3600 1004 3656 UBT
1023 3606 1082 3656 τῶν
1101 3598 1176 3658 δύων
1188 3600 1217 3653 Μ
1288 3604 1417 3658 καὶτῶν
1432 3634 1461 3642 -

194 3687 357 3760 ἱερουργίας
374 3689 576 3758 interpolatoris
595 3693 660 3743 sunt
729 3695 743 3741 5
763 3690 792 3744 τί
810 3682 841 3744 δ’
861 3680 924 3758 ούγί
942 3685 983 3740 bis
1002 3700 1075 3741 exat.
1095 3687 1118 3740 T
1187 3691 1250 3754 post
1267 3677 1333 3756 οὐχὶ
1352 3685 1460 3743 adden·

1264 3791 1286 3826 π
1307 3791 1345 3827 οσ

192 3842 254 3895 dum
273 3849 314 3896 est
338 3838 451 3919 ῥᾴδιον,
476 3841 572 3894 deletis
595 3858 619 3894 v.
639 3835 674 3897 ού
698 3837 798 3917 ῥᾴδιον
823 3841 850 3893 in
878 3840 932 3895 fine
959 3836 1091 3894 enuntiati
1210 3842 1226 3892 6
1249 3791 1457 3911 πεδιάγοντασ

190 3926 305 3991 (sici)T
377 3925 507 3983 τοῖἐσθε
526 3926 575 3980 UB
628 3921 865 3994 θύελήσομενΒ
922 3941 972 3993 pro
991 3928 1041 3980 νῦν
1059 3925 1229 3979 scribendum
1248 3927 1337 3988 θεῶν,
1358 3925 1455 3981 deleto

192 4016 260 4076 [τῶν
278 4015 364 4075 θεῶν]
383 4011 401 4064 l.
424 4016 453 4064 10
527 4015 556 4063 10
576 4007 677 4079 οἴομαι
694 4011 765 4073 libri,
785 4025 855 4064 corr.
879 4010 996 4063 Dindori
1083 4013 1113 4062 16
1131 4004 1244 4066 πάντασ
1262 4005 1335 4066 τοὺο
1354 4006 1454 4068 θεοὺσ

194 4097 377 4161 <heroum
468 4101 496 4148 ii
516 4099 601 4164 τιμᾶν
620 4112 671 4150 om.
690 4095 720 4149 M
818 4102 848 4150 19
868 4091 1022 4151 τούτωνῐ]
1120 4098 1151 4147 20
1169 4097 1217 4150 καί
1235 4087 1271 4151 τὰ
1292 4093 1457 4168 Οοδθίιισή

196 4177 229 4236 τά
259 4181 318 4234 libri
431 4184 460 4232 21
488 4176 566 4236 ἔστιν
588 4176 695 4236 ἕκαστα
719 4175 797 4251 πρὸσ
823 4180 899 4244 iibri,
933 4196 1001 4235 corr.
1025 4179 1103 4248 Emp.
1210 4184 1243 4232 22
1264 4178 1334 4250 μηδὲ
1360 4180 1457 4235 malim

194 4265 304 4329 ευεεεες
322 4265 390 4336 μηδὲ
408 4268 522 4330 δικαίως
540 4265 639 4320 Reiske
745 4270 776 4318 23
795 4275 862 4322 τοῖο
881 4266 910 4322 δὲ
929 4265 1034 4322 αἰτίοισ
1052 4265 1123 4330 libri,
1142 4280 1212 4318 corr.
1231 4263 1331 4318 Reiske
1434 4256 1455 4322 δ’

192 4368 282 4417 φασιν
300 4349 372 4402 L'BT
460 4355 492 4404 2ss
511 4351 680 4405 scribendum
697 4345 820 4421 καὶγὰρ
909 4354 938 4403 21
959 4343 1047 4407 ταύτό
1067 4351 1110 4405 rix
1128 4365 1238 4418 sanum
1257 4348 1453 4406 scribendum:

189 4432 314 4503 αἰσχρὸν
