3068 5160
636 322 772 379 ORATIO
791 323 853 378 XII.
1316 324 1377 382 155

123 614 205 701 (11)
243 610 578 693 ΟΛΥΜΠΙΚΟΣ
618 611 663 690 Η
696 612 834 693 ΠΕΡΙ
865 611 977 691 ΤΗΣ
1010 611 1236 694 ΠΡΩΤΗΣ
1269 611 1378 693 ΤΟΥ

411 792 419 806 .
533 728 682 811 ΘΕΟΥ
707 730 969 812 ΕΝΝΟΙΑΣ.

701 890 801 899 -Ἇ

207 981 310 1053 Ἀλλ’
335 985 357 1073 ἦ
378 991 416 1050 τδ
441 985 627 1069 λεγόμενον,
651 987 677 1050 ὦ
702 988 830 1074 ἄνδρες,
854 991 917 1071 ἐγὼ
934 991 989 1051 καί
1004 981 1090 1073 παρ’
1115 991 1193 1068 ύμῖν
1208 991 1264 1051 καί
1290 982 1375 1073 παρ’
1397 993 1412 1052 1

125 1097 255 1177 ἑτέροις
278 1089 417 1154 πλείοσι
439 1090 605 1152 πέπονθα
628 1094 666 1152 τό
689 1100 749 1177 τῆς
771 1088 912 1172 γλαυκός
941 1093 1072 1152 ἄτοπον
1100 1092 1156 1152 καί
1183 1088 1377 1173 παράδοξον

125 1195 263 1269 πάθος;
292 1195 420 1277 ἐκείνην
442 1193 504 1276 γάρ
529 1189 624 1254 ούδέν
649 1197 847 1278 σοφωτέραν
878 1193 981 1255 ούσαν
1012 1195 1120 1255 αύτῶν
1150 1189 1226 1253 οὐδὲ
1255 1189 1376 1272 βελτίω

123 1298 163 1358 τό
187 1292 294 1372 εἶδος,
325 1291 410 1355 ἀλλά
439 1297 598 1378 τοιαύτην
629 1297 753 1357 όποίαν
783 1293 896 1375 ἴσμεν,
926 1298 1005 1358 όταν
1036 1293 1162 1380 δήποτε
1187 1291 1379 1379 φθέγξηται

88 1420 104 1470 5
126 1394 276 1482 λυπηρόν
298 1397 355 1458 καὶ
371 1393 526 1476 οὐδαμῶς
540 1394 613 1481 ηδό,
638 1402 843 1480 περιέπουσι
858 1400 899 1459 τά
922 1394 1007 1459 ἄλλα
1032 1399 1140 1481 όρνεα,
1162 1399 1219 1458 καί
1240 1399 1320 1458 όταν
1342 1415 1378 1477 χε

124 1496 180 1583 ἴδη
203 1502 322 1578 μόνον,
345 1499 386 1560 τά
409 1501 470 1578 μὲν
492 1495 700 1579 καθιζόμενα
723 1502 834 1582 ἐγγύς,
863 1501 905 1561 τά
929 1498 964 1561 δέ
987 1497 1092 1582 κύκλῳ
1116 1502 1378 1583 περιπετόμενα,

124 1602 171 1676 ὡς
193 1603 254 1681 μὲν
276 1603 353 1680 ἐμοί
376 1597 475 1676 δοκεῖ,
498 1609 774 1686 καταφρονοῦντα
798 1611 857 1688 τῆς
881 1599 1093 1688 φαυλότητος
1114 1604 1171 1664 καί
1192 1611 1252 1688 της
1274 1601 1379 1662 ἀσθε-

125 1704 234 1778 νείας·
259 1706 293 1764 σί
316 1700 351 1764 δέ
375 1705 562 1788 ἄνθρωποί
586 1722 691 1789 φασιν
714 1708 767 1766 ότι
785 1700 956 1784 θαυμάζει
977 1708 1036 1790 τὴν
1059 1701 1183 1786 χλαῦκα
1206 1705 1247 1764 τά
1272 1706 1378 1787 όρνεα.

125 1813 201 1881 πῶς
230 1804 265 1868 δέ
297 1806 334 1866 ού
363 1807 421 1866 τόν
451 1813 521 1867 ταῶ
550 1803 678 1886 μᾶλλον
708 1809 837 1890 δρῶντα
866 1801 1052 1885 θαυμάζει,
1079 1802 1180 1867 καλόν
1210 1808 1297 1866 ούτω
1325 1808 1416 1868 κα12

73 1927 103 1979 1ο
125 1905 300 1985 ποικίλον,
330 1909 381 1970 ἔτι
404 1905 439 1970 δέ
464 1909 564 1970 αύτόν
592 1911 817 1992 ἐπαιρόμενον
845 1909 902 1969 καὶ
929 1905 1163 1970 ἐπιδεικνύντα
1192 1909 1230 1968 τό
1258 1905 1380 1981 κάλλος

124 2019 193 2074 τῶν
216 2017 366 2094 πτερῶν,
397 2014 476 2072 όταν
499 2011 684 2094 ἁβρύνηται
712 2011 799 2092 πρός
828 2012 887 2095 την
919 2006 1078 2093 θήλειαν,
1107 2005 1298 2081 ἀνακλάσας
1320 2010 1380 2092 την

129 2115 230 2200 ούράν
252 2119 308 2179 καὶ
337 2115 546 2199 περιστήσας
569 2110 658 2193 αῦτη]
684 2112 902 2189 πανταχόθεν
927 2113 1042 2196 ὥσπερ
1069 2108 1194 2184 εύειδές
1217 2113 1337 2194 άντρον
1360 2131 1378 2193 η

127 2238 203 2281 τινα
225 2224 339 2302 γραφῇ
354 2216 549 2299 μιμηθέντα
567 2215 707 2298 ούρανόν
732 2209 887 2274 ποικίλον
904 2215 1054 2297 ἄστροις,
1079 2215 1137 2274 σύν
1153 2231 1190 2293 χε
1204 2210 1251 2293 τῴ
1270 2208 1379 2293 λοιπῷ

131 2322 263 2399 σώματι
293 2320 510 2396 θαυμαστόν,
538 2317 699 2396 ἐγγύτατα
726 2322 855 2398 χρυσοῦ
880 2317 988 2396 κυάνῳ
1016 2319 1234 2400 κεκραμένου,
1262 2316 1318 2376 καί
1341 2311 1379 2398 δη

76 2435 105 2488 15
127 2425 163 2485 ἐν
185 2424 301 2506 ἄκροις
329 2425 402 2494 τοῖς
425 2422 563 2503 πτεροῖς
593 2417 665 2478 οίον
696 2414 888 2503 ὀφθαλμῶν
919 2420 1062 2480 ἐνόντων
1091 2419 1112 2502 η’
1141 2439 1243 2480 τινων
1266 2413 1382 2478 δακτυ-

129 2522 209 2586 λίων
232 2527 270 2585 τό
293 2544 329 2584 τε
354 2530 462 2608 σχημα
484 2523 541 2583 καί
554 2521 638 2582 κατά
653 2522 712 2605 την
729 2517 832 2606 άλλην
848 2523 1033 2605 ὁμοιότητα
1040 2543 1052 2596 ,·
1074 2521 1105 2582 εἰ
1122 2512 1153 2580 δ’
1180 2519 1224 2580 αδ
1236 2540 1289 2592 τις
1304 2519 1382 2580 ἐθέ-
1400 2522 1418 2582 3

130 2623 183 2689 λοι
200 2630 339 2687 σκοπεῖν
362 2633 421 2709 τῆς
445 2625 648 2708 πτερώσεως
670 2626 708 2685 τό
731 2631 868 2708 κοῦφον,
893 2625 939 2697 ὡς
953 2625 997 2707 μη
1012 2618 1162 2700 χαλεπόν
1186 2619 1274 2682 εἶναι
1296 2615 1380 2704 μηδὲ

129 2727 301 2813 δύσφορον
332 2725 388 2789 διά
417 2729 455 2788 τό
485 2735 606 2812 μηκας,
634 2729 669 2788 ἐν
697 2730 789 2806 μέσῳ
820 2722 911 2805 μάλα
940 2727 1061 2810 ἥσυχον
1089 2724 1146 2784 καὶ
1174 2723 1380 2804 ἀτρεμοῦντα

129 2835 270 2914 παρέχει
300 2829 503 2890 θεάσασθαι
531 2831 665 2904 έαυτόν,
702 2829 817 2912 ὥσπερ
843 2831 878 2890 ἐν
907 2834 1031 2911 πομπῇ
1061 2825 1381 2909 περιστρεφόμενος,

78 2947 108 2999 10
129 2935 209 2994 όταν
226 2930 260 2994 δὲ
276 2927 433 3015 βουληθῇ
448 2926 622 3015 ἐκπλῆξαι,
647 2931 746 2991 σείων
762 2930 803 2990 τὰ
827 2929 935 3012 πτερά
950 2929 1008 2989 καί
1022 2949 1096 2990 τινα
1112 2923 1192 3012 ἦχον
1216 2927 1273 2987 ούκ
1296 2921 1381 3009 άηδη

133 3040 253 3108 ποιῶν,
278 3031 350 3092 οἷον
366 3033 489 3109 άνέμου
505 3033 703 3116 κινήσαντος
720 3032 757 3092 ού
781 3027 913 3092 πολλοῦ
927 3032 1052 3116 πυκνήν
1074 3051 1150 3093 τινα
1173 3027 1263 3114 ύλην.
1303 3019 1379 3088 ἀλλ’

132 3135 207 3194 ούτε
238 3134 296 3192 τόν
327 3138 397 3191 ταῶ
429 3133 540 3192 πάντα
568 3138 673 3192 ταῦτα
702 3127 997 3211 καλλωπιζόμενον
1026 3132 1067 3192 τά
1098 3134 1195 3217 όρνεα
1223 3127 1383 3212 βούλεται

132 3235 213 3316 δρῦν
242 3233 317 3293 ούτε
345 3240 405 3317 της
436 3228 580 3315 ἀηδόνος
608 3233 772 3294 άκούοντα
801 3241 861 3317 τῆς
891 3243 1006 3320 φωνῆς
1034 3236 1144 3296 έωθεν
1173 3235 1383 3319 ἐπορθρευο-

130 3339 233 3418 μένης
257 3331 352 3395 ούδέν
376 3335 500 3411 πάσχει
523 3336 610 3417 πρός
633 3335 748 3418 αὐτήν,
773 3325 849 3395 ἀλλ’
876 3333 951 3397 ούδέ
974 3337 1032 3396 τόν
1054 3338 1171 3397 κύκνον
1194 3331 1420 3411 άσπόζεται4

216 3546 461 3624 3σσφοτέρανῑί
551 3541 641 3608 οὖσαν
659 3544 754 3609 αύτῶν
771 3551 826 3606 ΒΜ
913 3545 1023 3609 4ὅταν
1045 3546 1074 3607 δέ
1094 3570 1167 3608 ποτε
1184 3552 1215 3605 Μ
1301 3553 1383 3608 5καὶ

134 3627 205 3693 δταν
222 3656 255 3708 χε
273 3636 320 3690 ΡΥ
339 3627 411 3694 ὅταν
427 3635 458 3691 Μ
477 3627 549 3694 δταν
566 3637 596 3694 δὲ
613 3637 661 3693 UB
742 3643 771 3694 10
791 3633 1000 3707 ἐπειδεχκνύντα
1018 3634 1040 3688 Ρ
1119 3640 1147 3689 11
1169 3631 1344 3710 άνβρύνηται
1361 3635 1383 3689 Ρ

132 3727 159 3788 (ν
170 3739 211 3791 pr.
225 3729 384 3792 εκμεοεε.)
446 3718 596 3794 11άντρον
607 3722 645 3791 Μ,
658 3722 785 3792 θέατρον
798 3723 882 3778 ceteri
952 3725 983 3777 13
995 3720 1181 3778 κοικίλοισΜ
1244 3716 1384 3792 σύνχε-

135 3802 247 3874 σάματι
264 3806 307 3861 his
318 3808 406 3863 verbis
419 3807 599 3877 corruptelam
611 3807 701 3863 inesse
718 3813 795 3877 puto,
814 3807 886 3862 unde
903 3810 963 3862 tota
980 3806 1117 3862 sententia
1135 3807 1313 3873 obscuratum
1331 3805 1383 3860 sub
1416 3848 1419 3855 .

134 3888 245 3960 σάματι
263 3892 676 3966 Ισωεθχρῶμασοθσθεετέαω
738 3897 878 3970 14κυανηῖ
889 3892 935 3948 ΒΡ
1001 3898 1031 3948 15
1050 3913 1113 3949 τινα
1126 3892 1174 3947 ΡΥ
1225 3893 1383 3949 δακτυλίων

138 3976 168 4031 Μ
185 3970 310 4033 άκτίνων
329 3978 411 4032 ceteri
481 3981 513 4031 16
530 3976 566 4034 τό
584 3997 659 4035 τε-
672 3975 832 4051 ὁμοιότητα
850 3994 946 4035 vereor
963 3984 993 4034 ut
1010 3984 1084 4033 recte
1102 3976 1248 4032 dictasint
1317 3969 1382 4033 οὐδ’

135 4053 258 4119 αύθισλί
312 4058 596 4119 θέλοισΜέθέλειΥ
652 4068 681 4118 11
701 4058 744 4120 άσ
755 4059 793 4136 μὴ
804 4059 935 4136 χαλεπὸν
946 4059 1030 4122 είναιι
1049 4064 1170 4119 vixsana
1226 4056 1385 4132 τδκούφον

133 4151 246 4219 κοῦφον
270 4142 352 4204 &vu
456 4149 487 4201 18
510 4149 619 4217 μῆκοσ,
643 4141 705 4205 οὔδ’
724 4139 809 4206 δπωσ
830 4147 862 4206 ἐν
886 4144 1008 4224 μὲσφΠ
1110 4146 1142 4205 ἐν
1165 4145 1244 4223 μέσῳ
1268 4147 1298 4205 δὲ
1315 4147 1385 4207 libri,

132 4239 240 4300 praeter
257 4234 283 4288 U
337 4237 368 4287 19
386 4229 562 4304 παρέχεινΡ
614 4228 719 4291 ἑαυτὸν
735 4226 945 4292 θεάσασθαιῦ
1002 4229 1269 4306 περιστρεφόμενον
1286 4231 1333 4286 ΡΥ

134 4318 166 4370 20
185 4309 248 4373 οὐδ’
268 4306 340 4373 δταν
356 4317 527 4388 βουληθῆΰ
597 4322 627 4372 21
647 4315 773 4389 ποιήσασ
790 4319 871 4374 UBM
939 4313 1128 4388 κεινήσαντοσ
1145 4318 1174 4372 Μ
1227 4321 1260 4372 22
1277 4322 1386 4376 καλλω·

132 4397 290 4472 πιζδμενσν
307 4405 396 4458 ταῦτα
414 4397 509 4458 πάντα
526 4403 589 4468 (hoc
601 4403 670 4469 ord.)
681 4403 732 4458 ΠΥ
748 4399 1002 4472 καλλωπιζόμενον
1021 4396 1116 4460 πάντα
1134 4404 1260 4460 ταῦταΒ
1277 4408 1386 4461 καλλω·

138 4480 289 4555 πιζόμενοι
307 4489 396 4543 ταῦτα
415 4482 510 4543 πάντα
528 4488 549 4541 Ρ
619 4493 652 4542 24
670 4481 732 4544 οὐδ’
752 4487 798 4541 ΡΥ
