3068 5160
659 106 795 163 ORATIO
813 107 925 162 XXXV.
1356 110 1417 170 33?

157 281 299 366 σήσαμα
321 281 378 342 καί
401 277 525 357 σέλινα,
549 283 595 354 ὡς
619 270 658 343 ἀν
684 283 830 343 εἰκάσειέ
851 301 904 354 τις
925 282 962 341 έκ
983 289 1042 366 τῆς
1065 283 1282 366 ὁμοιότητος·
1305 285 1365 369 τήν
1381 281 1417 346 δὲ

155 384 282 468 ἀρετήν
305 383 364 444 ούκ
386 379 482 459 ἀξιον
507 380 718 463 συμβάλλειν.
755 385 904 465 γίγνεται
927 379 963 444 δὲ
987 383 1112 444 αύτόθι
1134 386 1248 467 ἕτερον
1272 390 1418 468 σπέρμα,

156 491 228 546 τῶν
244 490 361 569 πυρῶν
376 486 433 546 καὶ
447 492 514 546 τῶν
528 486 660 567 κριθῶν
676 487 823 565 ἀμείνων
838 487 947 569 τροφή
963 487 1020 546 καί
1041 480 1167 563 μᾶλλον
1190 480 1416 569 ξυμφέρουσα.

158 587 286 672 φύεται
315 582 351 647 δὲ
381 589 416 647 έν
440 584 558 663 κάλυξι
579 584 757 667 μεγάλαις,
790 587 862 648 οἷον
884 583 1009 670 ῥόδων,
1040 587 1280 669 εὐοσμοτέραις
1303 584 1339 647 δὲ
1362 589 1419 650 καί

112 698 134 749 ⁸
155 681 322 767 μείζοσιν.
367 690 492 763 ταύτας
514 689 576 762 τάς
597 684 693 772 ῥίζας
714 691 771 751 καί
792 692 850 752 τόν
873 692 1003 773 καρπόν
1026 691 1216 765 ἐσθίουσιν,
1242 683 1338 750 οὐδὲν
1354 708 1417 749 πο-

156 789 330 874 νήσαντες.
376 790 444 850 εἰσί
467 787 502 850 δὲ
526 791 636 868 όχετοὶ
658 788 782 853 πολλοὶ
803 795 937 875 ῥέοντες
962 793 999 853 ἐκ
1020 798 1087 851 τῶν
1109 792 1276 868 ναμάτων,
1301 791 1336 850 οἱ
1356 792 1468 869 μέν20

156 885 310 970 μείζους,
340 892 374 950 οἱ
397 886 432 951 δὲ
455 889 631 969 ἐλάττους,
660 890 898 975 ξυμμιγνύντες
920 889 1098 978 ἀλλήλοις,
1128 899 1195 953 τῶν
1220 891 1417 974 ἀνθρώπων

158 994 416 1075 πεποιηκότων,
447 995 543 1067 ὅπως
569 982 610 1055 ἀν
641 995 757 1069 αὐτοῖς
786 992 886 1080 δοκῇ..
926 995 1183 1074 μετοχετεύουσι
1213 989 1248 1052 δὲ
1278 988 1416 1075 ῥᾳδίως,

158 1093 277 1177 ῶσπερ
299 1097 397 1178 ήμεῖς
419 1096 457 1154 τό
487 1096 523 1155 έν
545 1100 618 1169 τοῖς
640 1099 763 1180 κήποις
781 1094 880 1180 ύδωρ.
919 1097 993 1156 ἔστι
1009 1093 1044 1156 δέ
1059 1096 1116 1156 καί
1132 1091 1253 1177 λουτρά
1270 1089 1417 1178 πλησίον

106 1204 135 1258 lo
157 1195 277 1269 αὐτοῖς
298 1192 430 1272 ύδατος,
453 1198 492 1256 τά
515 1199 576 1274 μέν
598 1198 728 1280 θερμὸν
752 1195 944 1282 λευκότερον
967 1199 1129 1282 ἀργύρου,
1151 1197 1190 1257 τύ
1215 1192 1250 1256 δὲ
1273 1197 1341 1256 ύπὸ
1357 1202 1419 1256 τού

155 1295 293 1376 βάθους
313 1297 370 1358 καὶ
391 1305 450 1382 τῆς
473 1300 685 1381 ψυχρότητος
706 1307 856 1361 κυανοῦν.
902 1300 1052 1361 ἐνταῦθα
1082 1300 1238 1382 νήχονται
1265 1302 1417 1379 γυναῖκες

157 1398 229 1476 ἅμα
251 1399 307 1459 καί
329 1396 461 1475 παῖδες,
484 1397 582 1461 καλοὶ
602 1403 736 1476 πάντες.
775 1403 896 1463 ἔπειτα
914 1401 1011 1480 οἶμαι
1024 1397 1276 1474 κατακλινέντες
1293 1401 1328 1461 έν
1343 1405 1416 1474 τοῖς

158 1495 321 1577 λειμῶσιν
345 1492 468 1582 ᾄδουσι
490 1504 546 1563 καὶ
566 1498 808 1584 μινυρίζουσιν.
847 1505 914 1564 είσί
937 1501 972 1564 δὲ
998 1501 1158 1582 λειμῶνες
1182 1502 1307 1562 αύτόθι
1330 1503 1414 1582 πάγ·
1426 1501 1464 1562 21

156 1595 257 1660 καλοι
278 1602 334 1662 καί
358 1605 461 1686 φύσις
483 1604 600 1665 ἀνθῶν
623 1625 660 1665 τε
682 1607 739 1666 καί
761 1602 907 1688 δένδρων
930 1604 1146 1687 παρεχόντων
1168 1603 1228 1685 τήν
1243 1604 1304 1680 μὲν
1322 1603 1418 1663 σκιάν

106 1713 133 1766 [5
156 1701 294 1763 ἀνωθεν
317 1698 354 1778 έξ
375 1705 495 1784 ὕψους,
518 1707 577 1767 τὸν
601 1702 636 1766 δὲ
659 1709 790 1788 καρπόν
812 1708 847 1767 έν
871 1704 1001 1790 ἐφικτῷ
1023 1707 1096 1775 τοῖς
1117 1698 1338 1782 βουλομένοις
1362 1700 1418 1763 λα·

156 1804 232 1883 βεῖν
254 1806 416 1866 νευόντων
442 1813 509 1867 τῶν
531 1804 672 1868 κλάδων.
719 1808 756 1868 οἴ
774 1829 809 1868 τε
833 1808 970 1890 ὄρνιθες
991 1799 1213 1886 κατᾴδουσιν,
1244 1805 1278 1863 οἱ
1299 1804 1360 1882 μέν
1382 1804 1417 1864 έν

156 1909 232 1979 τοῖς
254 1907 365 1990 ὄρεσιν
390 1909 655 1993 συγκαθήμενοι,
684 1906 772 1970 πολύ
802 1931 836 1970 τι
866 1905 1020 1994 πλῆθος,
1051 1908 1085 1967 οἱ
1114 1903 1149 1967 δέ
1179 1904 1315 1966 ἀνωθεν
1346 1903 1416 1964 ἀπὸ

157 2007 367 2090 ἀκρεμόνων,
390 2001 620 2094 εὐφωνότεροι
643 2017 709 2072 τῶν
733 2003 818 2094 παρ’
842 2016 922 2096 ήμῐν
946 2011 1104 2094 ὀργάνων.
1150 2008 1282 2085 πνεῦμά
1305 2025 1341 2066 τε
1364 2005 1417 2066 ἀεὶ

155 2113 296 2192 μέτριον
319 2107 468 2194 διαρρεῖ,
490 2114 634 2174 καὶτῶν
658 2115 766 2197 ἀέρων
789 2118 808 2198 ή
832 2120 952 2196 κρᾶσις
975 2112 1075 2190 ύμοία
1100 2106 1156 2171 διὰ
1180 2112 1325 2184 παντός,
1354 2109 1417 2186 μά-

106 2220 134 2274 2⁰
159 2208 259 2273 λιστα
289 2209 324 2273 δὲ
354 2214 461 2273 ἔοικεν
491 2215 663 2297 ἀρχομένῳ
695 2215 802 2298 θέρει.
848 2217 936 2298 πρὸς
959 2211 994 2275 δὲ
1018 2216 1153 2286 τούτοις
1176 2215 1194 2273 ό
1216 2232 1252 2272 τε
1276 2202 1417 2292 ούρανύς

158 2314 233 2374 έκεῖ
248 2314 490 2398 καθαρώτερος
512 2318 568 2378 καί
590 2317 631 2377 τά
654 2319 762 2401 ἄστρα
786 2314 894 2378 πλείω
920 2318 977 2377 καὶ
1000 2312 1227 2398 λαμπρότερα.
1274 2307 1357 2386 ζῶσι
1380 2306 1415 2370 δέ

159 2411 279 2476 πλεῖον
300 2418 527 2500 τετρακοσίων
555 2420 655 2496 ἑτῶν,
686 2422 797 2480 πάντα
827 2421 885 2479 τόν
910 2420 1032 2500 χρόνον
1061 2425 1179 2477 τοῦτον
1211 2416 1333 2496 ὡραῖοι
1359 2411 1416 2471 καί

158 2521 231 2579 νέοι
256 2519 313 2580 καὶ
343 2519 417 2580 ούτε
447 2523 551 2604 γῆράς
580 2522 654 2581 ἐστι
683 2512 768 2603 παρ’
800 2522 941 2593 ἐκείνοις
971 2520 1046 2580 ούτε
1077 2521 1178 2590 νόσος
1202 2515 1277 2576 ούτε
1302 2513 1413 2574 πενία.

158 2621 287 2680 τούτων
317 2617 352 2680 δὲ
382 2624 545 2683 τοιούτων
574 2614 703 2704 [όντων]
734 2624 791 2684 καὶ
819 2624 991 2682 τοσούτων
1019 2612 1239 2703 ὑπαρχόντων
1263 2615 1414 2696 ἀγαθῶν,
1427 2621 1467 2682 22

106 2732 133 2783 25
156 2726 249 2801 όμως
275 2723 360 2783 εἰσὶν
383 2723 567 2806 ἄνθρωποι
588 2720 789 2802 καλούμενοι
811 2726 1021 2808 Βραχμᾶνες,
1049 2723 1084 2782 οί
1101 2722 1233 2804 χαίρειν
1256 2720 1417 2790 έάσαντες

106 2837 141 2889 Μ)
157 2825 237 2896 τούς
261 2842 297 2883 τε
321 2828 497 2902 ποταμούς
519 2827 666 2900 ἐκείνους
686 2826 743 2886 καὶ
766 2827 844 2899 τούς
870 2817 955 2909 παρ’
987 2817 1102 2898 αυτοῖς
1126 2824 1345 2906 ἐρριμμένους
1367 2820 1417 2879 έκ-

157 2930 343 3009 τραπέντες
368 2922 441 3009 ἰδίη
462 2949 498 2988 τε
522 2924 771 3010 ξυλλογίζονται
792 2930 848 2988 καὶ
872 2922 1100 3011 φροντίζουσι,
1124 2927 1250 2996 πόνους
1273 2943 1308 2983 τε
1331 2922 1417 2982 θαυ-

156 3030 308 3106 μαστούς
332 3025 581 3108 ἀναλαβόμενοι
598 3036 671 3104 τοῖς
688 3033 842 3110 σώμασιν
859 3019 994 3101 οὐδενὸς
1010 3022 1253 3108 ἀναγκάζοντος
1268 3027 1324 3085 καὶ
1338 3044 1416 3106 καρ-

158 3132 312 3213 τερήσεις
336 3127 448 3203 δεινάς
464 3121 698 3210 ὑπομένοντες.
738 3134 824 3216 φασὶ
841 3129 876 3193 δὲ
900 3127 1071 3211 ἐξαίρετον
1095 3120 1210 3200 αύτοῖς
1233 3126 1321 3187 εἶναι
1335 3127 1417 3204 μίαν

106 3245 134 3295 30
157 3235 267 3315 πηγήν
289 3233 349 3315 τήν
374 3239 434 3315 τῆς
457 3227 633 3314 ἀληθείας,
657 3230 745 3302 πολύ
768 3240 889 3294 πασῶν
913 3233 1053 3314 ἀρίστην
1075 3231 1131 3290 καὶ
1154 3230 1353 3310 θειοτάτην,
1377 3227 1416 3311 ής

160 3325 327 3395 ούδέποτε
357 3334 436 3405 τούς
464 3339 688 3412 γευσαμένους
716 3332 998 3414 ἐμπίμπλασθαι.
1043 3333 1084 3392 τά
1113 3333 1174 3410 μέν
1203 3329 1260 3390 ούν
1283 3329 1416 3390 ἐκεῖθεν

249 3586 383 3657 Ῑσέληνα
403 3586 426 3639 U
444 3586 555 3657 γέλεινα
573 3587 603 3641 Μ
656 3582 858 3659 2ξυμβάλλειν
875 3584 905 3638 Μ
964 3587 1075 3655 γίνεται
1091 3581 1142 3637 UT
1196 3581 1226 3637 δὲ
1243 3597 1294 3634 om.
1313 3580 1364 3634 UT

161 3665 330 3738 4ίόῑῖύλθις
351 3671 425 3727 UBT
512 3671 601 3743 ῥόδον
617 3671 691 3726 UBT
795 3672 941 3739 ὓμείζοσι
958 3669 1007 3726 UT
1110 3658 1223 3723 τούτων
1245 3665 1348 3720 conieci
1366 3680 1416 3734 pro

160 3752 268 3817 ταύτας
336 3752 464 3826 ῥίξαςΜ
533 3756 597 3813 ῖδὲ
614 3771 657 3810 om
676 3756 706 3809 M
780 3749 932 3820 9ύμεῖςΤ
1015 3760 1045 3808 14
1063 3749 1147 3824 φύσιν
1163 3750 1237 3806 UBT
1308 3755 1339 3804 15
1357 3747 1416 3805 ένε·

159 3841 271 3908 φικτων
293 3837 323 3891 Μ
345 3837 378 3895 έν
406 3836 515 3915 έφίκτφ
539 3840 562 3893 Τ
650 3843 681 3893 16
704 3840 757 3908 μὲν
778 3856 831 3894 om.
856 3840 885 3891 M
979 3845 1008 3892 17
1032 3835 1225 3910 ἐγκαθήμενοι
1245 3834 1322 3899 libri,
1345 3849 1415 3888 corr.

160 3922 224 3978 Wil.
312 3926 343 3977 18
367 3920 474 3994 ὑμῖνΤ
581 3930 613 3979 20
634 3916 765 3981 ύτεύΜ
785 3916 886 3992 ύτιΤ;
911 3923 1144 3991 quidBdubium
1247 3924 1277 3973 21
1298 3923 1368 3987 ζῶσι
1386 3915 1416 3974 δὲ

162 4002 198 4064 ού
215 4014 315 4066 πλεῖον
326 4009 382 4064 ΒΜ
400 4013 423 4079 ζ.
441 4011 472 4067 δὲ
490 4005 524 4068 ού
542 4012 631 4067 κλείω
643 4011 693 4065 UT
707 4004 741 4067 ού
760 4007 870 4064 seclusit
883 4009 962 4076 Emp.
976 4002 1009 4064 ού
1027 4010 1099 4076 μείω
1116 4006 1217 4061 Reiske
1268 4008 1302 4058 24
1321 4000 1416 4061 ὄντων

159 4095 260 4148 seclusi
329 4100 362 4149 26
380 4094 563 4170 έβρειμένους
579 4095 609 4148 Μ
678 4098 709 4147 27
729 4110 779 4162 pro
797 4113 829 4150 τε
847 4093 936 4146 malim
954 4114 980 4148 τι
1049 4096 1080 4147 31
1101 4085 1239 4149 ούδὲκοτε
1257 4087 1416 4161 γεύσασθαι

162 4175 228 4244 τούς
244 4178 497 4250 ἐμπιμπλαμένους
514 4181 575 4235 libri
593 4178 717 4248 (έμπαιλ.
733 4179 766 4244 Τ)
784 4193 854 4233 corr.
869 4176 982 4246 Reiske3
1008 4169 1147 4235 οὐδέποτε
1165 4175 1330 4249 ψεύσασθαι
1348 4169 1417 4238 τοὺς

157 4261 410 4333 ἐμπιμπλαμένους
427 4267 546 4320 Cobetus

209 4358 268 4401 DIO.
282 4358 301 4401 Ι.
1176 4351 1209 4401 22
