3068 5160
600 320 736 376 ORATIO
753 321 789 376 11.
1291 319 1329 378 21

77 489 161 556 λέων
190 501 252 555 τού
278 514 314 555 τε
339 485 586 576 Ἀγαμέμνονος
614 497 671 557 καί
699 503 761 557 τού
783 487 978 574 Ἀχιλλέως,
1009 497 1243 579 ἀπειρηκότων
1268 491 1330 579 ἤδη

77 596 164 678 πρὸς
186 596 246 680 την
270 596 457 679 στρατείαν,
481 598 569 680 πρὸς
592 593 628 658 δὲ
652 596 696 657 αὖ
716 598 851 670 τούτοις
875 593 1076 681 δημαγωγοῦ
1096 616 1188 671 τινος
1205 597 1331 658 ἐπανα-

79 697 220 769 στάντος
243 697 358 771 αύτοῖς
378 698 435 758 καί
456 694 664 781 ταράξαντος
685 700 745 782 την
761 694 946 782 ἐκκλησίαν,
969 702 1007 761 τδ
1024 696 1162 785 πλῆθος
1178 699 1331 783 ὥρμησεν

77 797 137 858 ἐπὶ
159 796 220 870 τὰς
243 805 331 874 ναοῖς,
352 800 409 860 καὶ
432 807 635 883 παραχρῆμα
655 799 817 880 ἐμβάντες
832 797 1010 879 ἐβούλοντο
1028 803 1173 885 φεύγειν,
1197 798 1333 874 ούδενδς

39 913 53 961 5
79 895 261 977 δυναμένου
283 905 472 980 κατασχεῖν,
497 897 651 961 οὐδὲτοῦ
668 891 914 982 Ἀγαμέμνονος
929 902 1063 980 ἔχοντος
1086 905 1152 965 ὅτι
1171 905 1333 987 χρήσεται

77 1004 151 1072 τοῖς
172 1008 322 1084 παροῦσι
345 1003 551 1085 πράγμασιν.
597 1001 715 1063 οὐκοῦν
737 1002 887 1063 ἐνταῦθα
909 1004 1013 1081 μόνος
1039 1003 1160 1077 αύτούς
1182 1000 1329 1088 ἐδυνήθη
1341 999 1384 1061 23

77 1098 304 1179 μετακαλέσαι
324 1104 382 1164 καί
395 1099 598 1184 μεταβαλεῖν
609 1091 798 1180 Ὀδυσσεύς,
820 1106 877 1166 καὶ
891 1099 988 1177 τέλος
1002 1105 1120 1165 ἔπεισε
1137 1102 1332 1189 δημηγορῶν

77 1201 161 1280 μετὰ
190 1210 253 1263 τοῦ
279 1206 454 1288 Νέστορος
481 1208 603 1283 μένειν.
649 1205 736 1266 ὥστε
769 1212 867 1265 τοῦτο
896 1207 958 1282 μὲν
984 1207 1023 1266 τό
1051 1206 1148 1289 ἔργον
1178 1213 1332 1291 φανερῶς

78 1309 145 1364 τῶν
167 1305 320 1388 ῥητόρων
335 1306 474 1386 ἐγένετο.
520 1302 631 1367 πολλά
655 1297 688 1367 δ’
706 1307 747 1367 άν
769 1326 822 1380 τις
836 1302 1020 1383 ἐπιδείξειε
1036 1309 1092 1369 καί
1108 1311 1213 1391 ἔτερα.
1253 1308 1331 1392 φαί-
1343 1304 1385 1366 24

27 1419 56 1469 10
78 1425 172 1466 νεται
195 1396 227 1466 δ’
260 1407 297 1466 ού
319 1409 424 1485 μόνον
439 1399 601 1491 Ὅμηρος,
631 1403 716 1467 ἀλλά
738 1408 794 1468 καὶ
811 1398 969 1482 Ἡσίοδος
999 1410 1087 1469 ούτω
1115 1415 1259 1493 φρονῶν,
1287 1411 1334 1483 ὡς

80 1503 291 1591 φιλοσοφίας
313 1527 349 1568 τε
372 1509 441 1586 ἅμα
463 1509 520 1569 καί
542 1511 720 1594 ῥητορικῆς
743 1517 801 1593 της
824 1505 976 1592 ἀληθοῦς
998 1507 1046 1591 τῷ
1069 1506 1209 1590 βασιλεῖ
1227 1525 1333 1594 προσ-

79 1616 167 1692 ηκον,
189 1609 225 1669 ἐν
247 1606 300 1682 οἷς
322 1623 410 1692 φησι
432 1609 512 1691 περὶ
532 1606 749 1694 Καλλιόπης,

229 1709 334 1793 ἢγάρ
356 1711 414 1771 καί
435 1707 632 1790 βασιλεῦσιν
656 1703 715 1789 ἅμ’
743 1707 928 1773 αἰδοίοισιν
952 1708 1084 1796 ὀπηδεῖ,

231 1812 345 1872 ὅντινα
368 1813 539 1896 τιμήσωσι
560 1814 646 1886 Διὸς
667 1819 787 1896 κοῦραι
808 1809 968 1894 μεγάλοιο

26 1928 55 1979 15
228 1915 420 1994 γεινόμενόν
442 1934 479 1975 τε
502 1910 603 1975 ἴδωσι
627 1911 834 1998 διοτρεφέων
857 1911 1038 1998 βασιλήων.

78 2012 142 2096 ἔπη
166 2015 227 2093 μέν
251 2014 309 2076 οὖν
331 2020 455 2093 ποιεῖν,
478 2014 641 2098 ὦπάτερ,
664 2017 683 2100 η
702 2012 820 2097 λόγους
834 2010 957 2091 πεζούς
974 2017 1187 2099 συγγράφειν,
1211 2017 1334 2090 ὁποίας
1344 2015 1384 2076 25

79 2115 118 2174 σύ
141 2114 202 2188 τὰς
224 2113 422 2193 ἐπιστολάς,
445 2106 510 2201 ἀφ)
537 2115 583 2178 ὥν
608 2115 742 2201 σφόδρα
768 2122 807 2179 σέ
830 2133 936 2202 φασιν
959 2113 1156 2194 εὐδοκιμεῖν,
1188 2118 1226 2177 ού
1249 2119 1333 2178 πάν-

77 2236 144 2289 τως
167 2217 348 2298 άναγκαῖον
370 2223 444 2292 τοῖς
465 2215 672 2298 βασιλεῦσιν,
697 2220 727 2280 εί
749 2221 793 2304 μή
817 2239 853 2301 γε
876 2224 966 2292 νέοις
990 2217 1084 2279 οὖσιν
1107 2218 1158 2278 ἔτι
1179 2220 1235 2279 καί
1259 2234 1333 2296 σχο-

78 2313 136 2401 λην
164 2319 319 2399 άγουσιν,
350 2321 465 2404 ὥσπερ
493 2321 550 2382 καί
581 2321 617 2381 σὲ
648 2316 800 2402 λέγουσιν
830 2323 866 2383 ἐν
897 2320 1028 2406 Θήβαις
1058 2317 1265 2405 διαπονῆσαι
1291 2320 1333 2380 τά

26 2437 56 2487 20
79 2420 158 2503 περὶ
180 2422 259 2494 τούς
282 2417 414 2502 λόγους·
439 2413 511 2483 οὐδ’
544 2421 588 2483 ού
616 2418 827 2507 φιλοσοφίας
857 2423 1035 2484 ἅπτεσθαι
1062 2424 1149 2506 πρὸς
1176 2422 1215 2481 τὸ
1242 2420 1384 2504 expo-26

79 2521 258 2600 βέστατον,
287 2518 472 2597 ἀπλάστως
502 2521 537 2584 δὲ
565 2525 622 2585 καί
647 2521 766 2598 ἁπλῶς
783 2544 800 2582 e
819 2521 1101 2602 *ἐνδεικνύμενον
1124 2523 1239 2595 αύτοῖς
1260 2525 1333 2595 τοῖς

80 2623 190 2705 ἔργοις
213 2621 464 2708 φιλάνθρωπον
488 2623 576 2710 ἦδος
597 2628 654 2688 καί
676 2624 788 2710 πρᾷον
809 2627 867 2687 καί
893 2623 1039 2700 δίκαιον,
1069 2625 1120 2684 ἔτι
1143 2621 1178 2684 δέ
1201 2619 1333 2706 ύψηλδν

78 2726 134 2786 καί
149 2722 313 2810 ἀνδρεῖον,
336 2728 392 2788 καί
407 2725 555 2807 μάλιστα
573 2726 610 2813 δη
626 2729 788 2810 χαίροντα
804 2727 1019 2810 εὐεργεσίαις,
1035 2727 1119 2807 ὅπερ
1136 2725 1227 2784 ἐστίν
1242 2725 1333 2804 ἐγγυ-

80 2828 169 2887 τάτω
193 2836 252 2912 της
274 2834 341 2889 τῶν
362 2829 457 2890 θεῶν
480 2832 631 2914 φύσεως·
661 2836 728 2890 τῶν
749 2848 786 2910 γε
807 2830 872 2914 μην
904 2823 1009 2908 λόγων
1031 2822 1140 2910 ηδέως
1169 2825 1332 2885 ἀκούοντα

27 2944 57 2994 25
80 2934 146 2988 τῶν
169 2929 204 2987 ἐκ
228 2925 449 3014 φιλοσοφίας,
473 2933 602 2994 ὁπόταν
623 2935 750 3015 καιρός,
774 2933 832 2991 άτε
856 2930 913 2991 οὐκ
932 2929 1092 2990 ἐναντίων
1109 2929 1332 3011 φαινομένων,

10 3025 165 3094 ιωεάλλδ
190 3033 379 3114 συμφώνων
407 3038 480 3106 τοῖς
509 3035 613 3094 αὐτου·
634 3038 791 3118 τρόποις·
830 3031 1024 3116 τέρπεσθαι
1052 3027 1087 3091 δέ
1115 3030 1255 3112 ποιησει
1275 3026 1383 3089 κα127

80 3134 259 3212 προσέχειν
287 3134 345 3193 τόν
374 3141 450 3195 νούν
481 3126 540 3213 οὐχ
562 3137 695 3218 ἁπάσῃ,
724 3143 765 3218 τῇ
795 3131 830 3195 δὲ
852 3129 1012 3215 καλλίστη
1041 3133 1097 3193 καὶ
1124 3127 1332 3214 μεγαλοπρε-

80 3234 242 3314 πεστάτῃ,
266 3226 564 3314 [συμβουλεύσαιμ’
589 3237 630 3297 ἂν
652 3234 699 3316 τῷ
716 3237 854 3316 γενναίῳ
874 3235 931 3295 καί
945 3229 1110 3314 βασιλικῷ
1126 3235 1185 3318 την
1202 3225 1332 3316 φυχην],

81 3334 155 3394 οἵαν
177 3338 283 3418 μόνην
312 3334 409 3415 ἴσμεν
431 3337 490 3420 την
509 3327 652 3420 Ὁμήρου
680 3337 737 3397 καί
759 3342 824 3396 τῶν
844 3327 1003 3396 Ἡσιόδου
1025 3335 1067 3394 τά
1090 3342 1247 3409 τοιαῦτα,
1277 3335 1334 3395 καί

167 3537 178 3584 1
198 3535 251 3588 τοῦ
268 3548 320 3587 om.
340 3532 388 3588 ΠΒ
442 3526 795 3604 άπειρηκότων-τούτοισ
812 3529 902 3584 om.U
948 3534 963 3582 2
982 3524 1061 3602 πρδσ
1078 3530 1154 3597 prius
1166 3545 1218 3583 om.
1238 3530 1285 3582 BV

79 3620 114 3687 τῇ
131 3618 296 3694 στρατιᾷΒ
402 3617 566 3687 5κατέχειν
584 3615 631 3671 UB
735 3610 874 3688 χρήσηται
892 3613 941 3668 UB
1045 3604 1186 3670 δούκοῦν
1203 3611 1330 3669 ἐνταῦθα

80 3701 184 3755 mallem
210 3701 343 3769 legeretur
374 3711 438 3756 ante
466 3696 583 3766 οὐδενὸς
609 3698 781 3769 δυναμένου,
813 3705 845 3753 ut
870 3698 946 3752 illino
971 3713 1071 3752 novum
1097 3698 1265 3750 enuntiatum
1291 3697 1330 3751 in-

80 3785 182 3854 ciperet
257 3779 380 3858 ἤδυνὴθη
401 3786 460 3840 PW
532 3790 562 3838 10
587 3775 724 3842 ούτωσίί
824 3789 850 3836 11
871 3772 1082 3856 προσηκόντων
1106 3780 1154 3834 UB
1239 3784 1268 3835 13
1287 3781 1378 3837 αί-“

80 3871 223 3932 όοίοιοιΡ
292 3871 355 3926 Hes.
374 3871 476 3938 Theop.
496 3873 528 3924 811
537 3885 577 3938 sq.
650 3874 681 3923 15
698 3864 926 3940 γειγνάμενονΡ
1012 3860 1041 3923 τ’
1056 3864 1171 3923 έσίόωοι
1189 3865 1248 3919 PW

83 3963 113 4012 18
129 3955 289 4029 άναγγαῖον
301 3955 322 4007 Ρ
375 3958 404 4007 21
419 3955 517 4009 lacuna
528 3956 592 4024 poet
603 3949 701 4019 ἁπλῶς
712 3955 751 4008 oio
762 3953 820 4008 fere
832 3952 980 4023 explendo:
1001 3943 1181 4023 (ἑρμηνεύειν
1194 3946 1332 4008 δύνασθαι

81 4039 116 4102 τά
135 4043 246 4107 δέοντα,
264 4043 435 4111 φιλοσοφεῖν
453 4038 482 4096 δὲ
495 4034 656 4108 ὡσαύτως).
684 4037 738 4092 dici
756 4038 826 4091 enim
844 4039 988 4108 oportebat
1005 4041 1139 4105 quatenus
1157 4040 1250 4092 orator
1265 4051 1332 4103 esee,

81 4145 136 4184 non
153 4128 241 4182 solum
260 4127 393 4194 quatenus
412 4122 599 4192 philosophari
616 4138 665 4178 rex
682 4123 780 4178 debeat
864 4127 897 4176 23
914 4130 1020 4193 χαῖρον
1036 4121 1096 4175 PW
1175 4119 1332 4193 ἐγγυτάτηο

82 4212 183 4271 τοῖνδ’
295 4212 327 4262 25
347 4202 460 4262 δπόταν
481 4203 583 4281 καιρὸς
604 4199 648 4279 (ᾖ)
768 4211 799 4261 28
819 4199 1056 4280 συμβουλεύσαιμ’
1079 4202 1160 4263 άν-
1174 4202 1266 4277 ψυχήν
1290 4219 1331 4260 te·

83 4296 163 4363 oluoi;
188 4293 312 4348 infinitivi
335 4291 453 4361 pendent
482 4306 516 4345 ex
538 4286 699 4364 ἀναγκαῖον
723 4292 741 4347 l.
763 4296 793 4346 18
818 4297 848 4345 ut
871 4291 1073 4358 antecedentia3
1106 4294 1148 4344 eet
1169 4291 1239 4344 enim
1263 4290 1332 4345 hoec

83 4381 160 4450 quasi
187 4394 293 4433 summo
318 4379 402 4433 totius
429 4378 463 4431 de
488 4379 597 4446 poetica
627 4382 654 4432 et
682 4376 820 4431 rhetorico
848 4375 1041 4444 disputationis
1167 4379 1227 4432 τῶν
1253 4375 1331 4444 Emp.

82 4459 134 4536 τὴν
150 4465 212 4518 libri
