3068 5160
231 333 290 394 108
685 331 809 387 DIONIS
828 331 878 385 DE
897 330 1025 386 SERVIS

228 531 269 590 με
297 512 316 570 ύ
345 501 421 589 μετ’
447 511 531 589 έμοῦ
553 510 780 592 πορευόμενος
804 504 950 590 ἀπέδρα,
980 513 1037 568 νῦν
1060 507 1119 568 έπλ
1141 504 1319 589 Κορίνθου
1344 505 1488 583 ἄπειμι·

231 610 314 686 ἴσως
342 611 404 695 γάρ
434 613 474 674 ἀν
502 613 634 696 εὕροιμι
662 611 798 671 καὶτὸν
821 605 940 670 παῖδα.
1070 609 1127 669 καὶ
1149 609 1167 668 ὁ
1188 609 1357 690 Διογένης
1380 604 1488 683 εἶπεν,

231 714 346 792 ὥσπερ
370 715 505 790 εἰώθει,
538 709 752 786 σπουδάσας,
769 701 919 786 Ἔπειτα,
942 706 1178 791 καταγέλαστε,
1202 711 1390 792 ἐπιχειρεῖς
1414 705 1488 789 θεῷ

227 816 395 900 χρῆσθαι,
426 817 464 876 ού
495 812 677 894 δυνάμενος
705 809 908 896 ἀνδραπόδῳ
937 811 1154 896 χρήσασθαι,·
1188 811 1209 895 ἢ
1238 811 1276 871 ού
1307 807 1408 872 δοκεῖ
1434 827 1489 871 σοι

231 925 328 978 τοῦτο
359 918 486 978 ἐκείνου
509 917 609 1003 ἦττον
629 912 779 996 χαλεπὸν
801 915 857 975 καλ
879 910 1040 974 ἐλάττονα
1064 913 1151 992 ἔχειν
1173 909 1327 974 κίνδυνον
1350 916 1428 986 τοῖς
1452 913 1523 975 οάύ

231 1017 428 1098 δυναμένοις
448 1018 648 1103 χρησασθαι
672 1017 805 1100 ύρθῶς,·
834 1015 868 1076 τί
891 1011 926 1075 δέ
949 1015 1006 1076 καὶ
1027 1012 1240 1095 βουλόμενος,
1264 1013 1352 1090 εἷπε,
1378 1009 1490 1098 ζητεῖς

193 1124 285 1187 3τύν
309 1118 418 1183 παῖδα
426 1144 437 1196 ;
465 1122 485 1206 ἢ
511 1121 568 1181 ούκ
590 1116 629 1204 ἦν
652 1120 820 1202 πονηράς,·
848 1119 993 1178 Πάντων
1014 1138 1067 1198 γε,
1091 1117 1168 1202 ἔφη,
1190 1113 1358 1196 μάλιστα·
1382 1113 1489 1201 μηδὲν

229 1224 290 1308 γάρ
320 1214 384 1284 ὑπ’
409 1224 494 1302 έμοῦ
515 1219 750 1300 ἀδικούμενος,
782 1221 869 1303 πρὸς
893 1216 928 1280 δὲ
950 1220 1006 1280 καλ
1024 1221 1233 1300 *γενόμενος
1251 1222 1401 1304 *ηγεῖτο
1426 1238 1488 1280 πο-

229 1327 346 1409 νηράν·
377 1326 407 1386 εἰ
434 1325 495 1408 γάρ
520 1324 652 1405 ἀγαθὸν
674 1327 803 1408 ηγεῖτο,
837 1323 895 1383 οὐκ
917 1323 958 1384 ἀν
980 1341 1066 1383 ποτε
1095 1316 1273 1382 ἀπέλιπεν.
1313 1311 1431 1398 Ἴσως,
1460 1319 1486 1382 ὦ

229 1428 398 1506 Διόγενες,
421 1429 521 1500 κακὸς
544 1426 644 1499 αὐτὸς
666 1427 722 1486 ὢν.
759 1415 898 1486 Ἔπειτα
921 1427 1047 1498 ἐκεῖνος
1068 1426 1139 1502 μέν,
1164 1422 1247 1506 ἔφη,
1273 1423 1310 1482 σέ
1335 1425 1487 1507 πονηρύν
1510 1435 1531 1487 ιύ

229 1530 412 1612 ηγούμενος
434 1529 565 1613 ἔφυγεν,
590 1528 643 1588 ἴνα
666 1529 709 1612 μη
734 1523 929 1610 βλάπτηται
947 1525 1015 1584 ὑπὸ
1033 1532 1103 1601 σοῦ,
1128 1526 1168 1584 σύ
1185 1521 1221 1585 δέ
1236 1525 1365 1586 ἐκεῖνον
1383 1544 1487 1610 πονη-

229 1631 289 1713 ράν
319 1627 407 1691 εἶναι
431 1626 534 1710 λέγων
558 1624 681 1713 ζητεῖς,
712 1625 813 1714 δηλον
835 1630 888 1689 ύτι
910 1624 1131 1708 βλάπτεσθαι
1153 1617 1215 1686 ὑπ’
1242 1626 1348 1688 αύτοῦ
1367 1623 1487 1707 βουλά-

194 1736 348 1809 4μενος,·
375 1732 395 1815 ἢ
427 1732 484 1810 ούχ
515 1733 548 1792 οἱ
575 1731 671 1792 κακολ
699 1731 884 1814 άνθρωποι
912 1725 1074 1812 βλαβεροί
1103 1730 1173 1791 εἰσι
1197 1733 1270 1802 τοῖς
1292 1728 1412 1806 ἔχουσι
1432 1730 1488 1790 καὶ

231 1837 303 1908 τοῖς
329 1839 533 1918 χρωμένοις,
562 1835 621 1895 ἐάν
650 1853 686 1894 τε
718 1835 846 1916 Φρύγες
875 1831 959 1895 ὦσιν
989 1835 1047 1894 έάν
1076 1852 1112 1894 τε
1132 1822 1331 1916 Ἀθηναῖοι,
1362 1831 1424 1892 έάν
1451 1851 1486 1893 τε

230 1933 407 2020 ἐλεύθεροι
429 1938 487 1997 έάν
510 1957 546 1997 τε
570 1931 685 1997 δοῦλοι
692 1957 704 2010 ;
724 1937 837 1996 καίτοι
858 1936 938 1995 κύνα
961 1935 1022 2013 μέν
1046 1930 1157 2008 οὐδεὶς
1177 1935 1277 2011 κακον
1299 1935 1487 2017 ἡγούμενος
1507 1944 1531 1996 1⁶

231 2033 326 2121 ζητεῖ
343 2034 552 2122 ἀποδράντα,
577 2039 611 2099 ού
629 2034 664 2098 δὲ
680 2038 737 2098 καὶ
751 2033 980 2117 ἐκβάλλουσιν,
1003 2035 1062 2097 έάν
1077 2033 1268 2120 έπανέλθη·
1292 2036 1486 2120 ἀνθρώπου
1501 2051 1531 2101 ιιι

232 2137 267 2200 δέ
297 2147 451 2224 πονηροῦ
480 2137 730 2221 ἀπαλλαγέντες
754 2140 811 2199 ούκ
834 2139 1030 2220 ἀγαπῶσιν,
1059 2133 1143 2198 ἀλλά
1168 2134 1278 2199 πολλά
1302 2140 1487 2222 πράγματα

232 2243 346 2320 ἔχουσι
372 2244 428 2305 καλ
450 2247 523 2316 τοῖς
546 2239 655 2318 ξένοις
677 2237 934 2314 ἐπιστέλλοντες
955 2241 1011 2302 καλ
1034 2239 1130 2302 αὐτοὶ
1152 2237 1412 2323 ἀποδημοῦντες
1432 2241 1488 2301 καλ

194 2349 212 2407 5
227 2345 381 2428 χρηματα
412 2340 664 2419 ἀναλίσκοντες,
694 2346 789 2416 ὅπως
820 2339 969 2423 λάβωσιν
1002 2342 1111 2402 αὐτόν.
1159 2342 1215 2403 καὶ
1243 2345 1392 2427 πότερον
1423 2340 1488 2403 οἴει

232 2441 371 2518 πλείους
393 2446 461 2506 ύπύ
484 2451 589 2505 κυνῶν
612 2441 779 2529 βλαβῆναι
802 2451 960 2528 πονηρῶν
982 2445 1001 2528 ἢ
1021 2434 1084 2504 ὑπ’
1103 2443 1300 2527 ἀνθρώπων
1306 2465 1319 2519 ,·
1341 2445 1412 2504 ὑπὸ
1427 2447 1488 2523 μέν
1508 2457 1531 2507 νύ

231 2566 266 2627 γε
294 2553 400 2608 κυνῶν
425 2543 564 2630 φαύλων
587 2550 644 2608 ἕνα
669 2549 727 2607 τὸν
747 2537 933 2608 Ἀκταίωνά
958 2562 1064 2630 φασιν
1088 2542 1302 2622 ἀπολέσθαι,
1332 2546 1392 2607 καὶ
1413 2547 1487 2607 τού-

230 2669 297 2710 των
318 2653 506 2728 μανέντων·
529 2651 596 2710 ύπδ
621 2646 656 2711 δέ
680 2649 876 2732 ἀνθρώπων
901 2643 1039 2732 φαύλων
1063 2644 1139 2708 ούδέ
1162 2648 1272 2709 εἰπεῖν
1295 2647 1391 2709 ἔστιν
1413 2649 1489 2709 ύσοι

231 2747 434 2813 ἀπολώλασι
456 2753 512 2813 καὶ
535 2748 671 2813 ἰδιῶται
693 2753 749 2813 καὶ
771 2745 925 2831 βασιλεῖς
946 2751 1003 2810 καὶ
1026 2746 1144 2823 πόλεις
1167 2745 1254 2826 ὅλαι,
1278 2751 1398 2830 οἱμὲν
1420 2751 1487 2812 ὑπὸ

232 2854 378 2928 οἰκετῶν,
407 2855 441 2913 οἱ
464 2850 500 2914 δὲ
523 2855 590 2914 ύπδ
616 2860 832 2937 στρατιωτῶν
854 2854 910 2914 καὶ
933 2850 1141 2936 δορυφόρων,
1167 2853 1201 2912 οὶ
1224 2847 1259 2912 δὲ
1281 2853 1350 2913 ύπδ
1377 2849 1487 2938 φίλων

231 2960 330 3015 τινῶν
356 2951 585 3033 καλουμένων,
617 2957 650 3016 οῖ
679 2952 716 3016 δέ
744 2976 833 3029 τινες
861 2957 917 3016 καλ
944 2955 1012 3014 ύπύ
1042 2953 1142 3014 υἱέων
1170 2953 1227 3014 καλ
1249 2949 1412 3038 ἀδελφῶν
1433 2955 1531 3025 καὶκ

196 3059 404 3135 ύγυναικῶν.
450 3056 515 3140 ἀρα
547 3057 603 3119 οὖν
632 3059 669 3119 ού
692 3062 776 3139 μέγα
798 3053 931 3142 κέρδος,
962 3058 1026 3136 ὅτῳ
1051 3055 1091 3116 ἀν
1116 3054 1234 3138 συμβῇ
1248 3051 1488 3141 ἀπαλλαγῆναι

229 3164 333 3217 κακοῦ
361 3155 499 3240 ἀνδρός,
531 3156 615 3220 ἀλλά
640 3157 696 3221 δεῖ
713 3167 832 3222 τοῦτον
857 3154 966 3242 ζητεῖν
988 3177 1024 3218 τε
1046 3157 1103 3218 καλ
1124 3153 1339 3232 έπιδιώκειν,·
1369 3157 1486 3241 ὥσπερ

230 3256 265 3318 εἴ
288 3279 341 3332 τις
373 3256 566 3342 ἀπαλλαγὲν
596 3265 726 3346 νόσημα
756 3256 865 3346 ἐζήτει
893 3261 948 3321 καὶ
977 3255 1133 3340 έβούλετο
1163 3254 1344 3340 ἀναλαβεῖν
1376 3260 1426 3334 εἰς
1449 3260 1487 3320 τύ

231 3366 347 3440 σῶμα;
609 3407 611 3410 ⁴

315 3465 371 3526 καὶ
393 3464 614 3547 ύάνθρωπος
637 3463 742 3542 εἶπεν,
770 3469 882 3525 Ταῦτα
905 3466 966 3543 μὲν
989 3463 1105 3547 ὀρθῶς
1129 3461 1240 3539 εἶπας,
1264 3459 1531 3544 ὥΔιύγενες·30

317 3645 470 3711 ΙμεοωΝ
522 3648 569 3700 καὶ
579 3648 629 3701 νῦν
638 3644 710 3698 VPY
763 3642 848 3701 λέκεῖ
856 3659 904 3712 pro
914 3646 963 3699 καὶ
972 3643 1061 3712 priore
1071 3644 1135 3698 wil.
1146 3642 1277 3698 dubitans
1339 3639 1487 3716 Θπρδσύὲ

227 3730 276 3783 καὶ
288 3719 319 3784 εὖ
330 3725 489 3800 γενόμενοο
499 3730 542 3785 U?
551 3731 677 3784 lacunam
687 3729 727 3783 sic
739 3727 796 3783 fere
805 3729 932 3797 supplere
943 3727 1019 3782 licet:
1036 3725 1111 3802 πρὸς
1120 3729 1206 3786 δὲκαὶ
1215 3722 1485 3802 (εὐεργετούμενος,

229 3800 308 3880 ὅμως
320 3808 465 3871 ἀπέλιπεν.
498 3808 575 3872 Ἀλλά
589 3819 673 3883 δῆλον
684 3810 835 3885 δήπουθεν,
847 3811 908 3887 ἔφη,
927 3806 971 3872 δτι
983 3809 1117 3880 κάκεῖνος
1129 3813 1179 3883 σέ)
1190 3810 1288 3885 ἡγεῖτο
1302 3809 1435 3886 πονηράν

229 3903 260 3953 12
271 3904 376 3971 ζητεῖς·
390 3904 475 3970 δῆλον
485 3899 601 3953 Dindorf
609 3903 716 3971 ζητεῖσ·
736 3896 841 3970 άδηλον
852 3891 896 3957 δτι
907 3900 978 3954 VPY
988 3904 1096 3972 ζητεῖσ·
1110 3891 1144 3955 ού
1156 3894 1213 3970 γὰρ
1226 3893 1334 3970 άδηλον
1343 3887 1392 3956 δτι
1402 3899 1450 3954 UB

226 3982 341 4056 βλάπτη
358 3989 407 4041 καλ
424 3980 474 4042 ὑπ’
494 3980 582 4042 αὐτοῦ
600 3986 645 4038 VP
664 3984 697 4050 (Y
715 3986 793 4052 item,
817 3986 865 4040 sed
887 3981 1001 4058 βλάπτῃ
1025 3987 1088 4052 post
1108 3984 1293 4056 βουλόμενοσ
1318 3983 1485 4052 transponit)

226 4065 340 4141 βλάπτη
358 4074 407 4127 καὶ
425 4067 459 4128 σὺ
476 4065 530 4129 ἀπ’
550 4064 637 4128 αὐτοῦ
655 4070 704 4126 UB
723 4087 793 4126 corr.
813 4070 930 4125 Dindorf
996 4073 1025 4123 16
1043 4071 1092 4124 καὶ
1110 4084 1162 4124 om.
1182 4068 1206 4124 U
1268 4063 1442 4141 ἐκβάλλουσι
1461 4065 1483 4120 Ρ

226 4152 431 4228 ἐκβάλονοινλ
474 4156 526 4214 ἐὰν
538 4156 702 4230 παρέλθηΠ
747 4150 811 4213 ἀλλ’
825 4151 858 4212 οὐ
871 4152 942 4212 ἀνου
954 4155 983 4212 δὲ
992 4170 1058 4223 mrg.
1071 4173 1115 4226 γρ.
1130 4147 1196 4211 ἀλλ’
1209 4147 1273 4210 οὐδὲ
1285 4151 1449 4224 πονηροῦΡ

230 4237 520 4314 ΙῖἀπαλλαγέντοσΡ
569 4245 600 4295 18
613 4237 727 4312 ἔχουσιν
736 4242 784 4298 UV
835 4231 1119 4302 καύτολλκαύτὸνΒ
1165 4243 1195 4294 19
1208 4233 1317 4295 αι’·τοὺσ
1327 4236 1399 4300 libri,
1413 4251 1483 4292 corr.

229 4325 337 4381 Geelius
405 4330 456 4384 καί
474 4347 518 4384 τοι
536 4343 585 4395 pro
597 4331 646 4383 καὶ
659 4327 722 4381 Wil.
776 4330 807 4379 20
825 4319 882 4382 ἀπὸ
900 4317 1066 4395 ἀνθρώπων
1083 4323 1131 4378 PY
1183 4329 1212 4377 21
1232 4343 1266 4395 γε
1284 4321 1432 4380 σκυνῶνΡ

227 4414 276 4466 καὶ
293 4416 399 4468 τοῦτον
415 4412 541 4482 μανέντα
559 4411 606 4464 PY
693 4416 724 4465 25
742 4410 858 4467 255va
928 4414 960 4464 26
979 4401 1056 4466 οῧτω
1073 4404 1150 4466 άνΡ
1221 4411 1253 4461 27
1272 4399 1346 4466 ἀλλὰ
1365 4401 1441 4478 δὴλ]

229 4489 272 4552 ἀισ
289 4491 360 4552 εἷ’τιο
378 4497 422 4550 ΡΥ
494 4502 526 4551 28
545 4490 693 4568 ἀκαλαγὲν
711 4497 731 4548 Ρ
801 4500 833 4550 30
852 4490 931 4552 εἶπεν
948 4496 972 4551 V
991 4490 1052 4552 εἶπε
1071 4494 1154 4549 ceteri
