3068 5160
580 325 716 382 ORATIO
734 326 781 380 111.
1269 325 1307 383 41

55 527 139 569 ποτε
164 510 352 591 προσεῖπεν
375 495 580 566 δἈπάλλων
596 502 654 563 τδν
669 503 851 563 Σικυώνιον
867 503 1037 586 τύραννον,
1061 501 1092 562 εί
1109 501 1165 562 καί
1180 497 1311 574 πολλάς

53 611 114 688 μέν
138 609 210 686 ἔχοι
225 610 354 690 τιάρας,
378 602 489 666 πολλά
514 601 549 665 δὲ
567 611 720 689 σκῆπτρα
735 604 939 664 ὑπακούοιεν
956 599 1055 683 αὐτῷ.
1093 609 1233 664 τοιαῦτα
1249 604 1310 682 μὲν
1321 605 1361 666 42

55 712 182 783 ἐκεῖνος
208 709 329 770 εἰώθει
359 704 481 788 λέγειν,
512 709 717 789 προτρέπων
740 706 793 766 ἀεὶ
816 707 903 789 πρὸς
925 705 1045 788 ἀρετήν
1073 705 1130 767 καί
1158 701 1311 784 βελτίους

57 817 166 872 ποιῶν
189 811 246 871 καὶ
268 809 509 893 ἄρχονταςκαὶ
532 805 681 881 ίδιώτας.

16 925 31 973 5
139 915 240 992 άμοια
257 909 292 972 δὲ
317 912 471 996 εἰρήκασι
493 911 573 992 περὶ
595 911 697 994 ἀρχῆς
711 911 768 971 καί
782 905 959 989 βασιλείας
975 909 1009 969 οἱ
1030 898 1106 987 μετ’
1132 908 1242 984 αὐτόν,
1266 909 1312 982 ὡς

57 1015 129 1076 οἷόν
152 1035 187 1076 τε
210 1017 374 1094 ἑπόμενοι
396 1021 437 1097 τῇ
462 1014 644 1097 σοφωτάτῃ
670 1013 794 1094 γνώμη.
840 1011 924 1072 αῦτά
949 1007 984 1071 δὲ
1008 1017 1128 1094 πρῶτα
1152 1005 1253 1093 δηλοῖ
1270 1010 1311 1069 τά

57 1119 205 1196 ὀνόματα
228 1117 288 1200 τήν
312 1112 481 1199 διαφοράν
504 1120 570 1174 τῶν
594 1115 809 1198 πραγμάτων.
863 1109 995 1193 λέγεται
1016 1113 1078 1196 γάρ
1103 1117 1120 1197 ή
1145 1113 1206 1192 μὲν
1229 1112 1309 1195 ἀρχή
1323 1115 1363 1176 43

56 1221 199 1297 νόμιμος
217 1217 414 1300 ἀνθρώπων
439 1213 605 1300 διοίκησις
626 1217 683 1277 καὶ
705 1217 850 1298 πρόνοια
874 1215 1070 1298 ἀνθρώπων
1092 1213 1177 1275 κατὰ
1200 1215 1312 1292 νόμον,

56 1317 214 1399 βασιλεία
232 1316 267 1380 δὲ
284 1317 519 1390 ἀνυπεύθυνος
534 1318 626 1402 ἀρχή,
643 1311 813 1399 [βασιλεύς
829 1313 865 1378 δὲ
880 1318 936 1378 καί
951 1317 1166 1400 αὐτοκράτωρ
1183 1316 1313 1388 ὁαύτδς

10 1435 34 1486 ’.(1
58 1422 294 1494 ἀνυπεύθυνος
310 1413 431 1502 ἀρχων]
442 1421 461 1480 ά
473 1416 508 1480 δὲ
525 1421 627 1498 νόμος
641 1414 811 1499 βασιλέως
824 1415 939 1500 δόγμα.
972 1420 990 1478 ά
1006 1415 1041 1479 δὲ
1053 1420 1214 1501 τύραννος
1224 1419 1281 1478 καί
1292 1422 1311 1502 ή
1324 1418 1365 1478 44

58 1521 1315 1606 τυραννὶςέναντίοντούτοιςβίαιοςκαίπαράνομοςχρήσιςἀνθρώπωντοῦ

60 1621 237 1698 δοκοῦντος
252 1625 378 1702 ἰσχύειν
394 1619 506 1684 πλέον.
537 1615 636 1705 [οὕτω
653 1619 760 1685 δὲκαὶ
776 1627 872 1706 ήμεῐς
891 1619 1122 1703 διανοούμεθα
1134 1623 1191 1683 καὶ
1203 1622 1314 1706 φαμέν
1325 1624 1365 1683 45

59 1729 211 1809 περὶτοῦ
227 1727 327 1787 θείου
346 1727 403 1787 καὶ
422 1721 613 1810 θεοφιλοῦς
629 1726 875 1810 αὐτοκράτορος
889 1727 945 1786 καλ
960 1717 1140 1806 βασιλέως]
1156 1725 1233 1808 τρία
1251 1725 1313 1806 γάρ

58 1825 142 1913 εἴδη,
159 1829 200 1889 τά
214 1828 447 1913 φανερώτατα,
462 1824 645 1888 πολιτειῶν
660 1821 885 1909 [ὀνομάζεται]
899 1831 1102 1908 γιγνομένων
1114 1827 1198 1888 κατά
1211 1828 1314 1904 νόμον

10 1942 36 1992 15
57 1931 114 1991 καὶ
127 1927 219 2014 δίκην
231 1929 314 2009 μετὰ
328 1926 489 2008 δαίμονάς
500 1949 536 1989 τε
549 1930 685 2010 ἀγαθοῦ
695 1932 751 1991 καλ
760 1933 859 2015 τύχης
870 1931 1005 2010 ὁμοίας·
1018 1930 1079 2008 μία
1091 1929 1152 2007 μέν
1164 1932 1183 2012 ή
1196 1929 1313 2012 πρώτη

58 2033 114 2093 καὶ
128 2028 277 2111 μάλιστα
294 2033 461 2117 συμβῆναι
477 2027 609 2115 δυνατή,
634 2033 713 2114 περὶ
726 2031 766 2116 ής
782 2033 800 2091 δ
815 2040 871 2093 νῦν
895 2029 1001 2113 λόγος,
1025 2031 1063 2092 εδ
1084 2027 1316 2112 διοικουμένης

60 2130 224 2218 πόλεωςῆ
238 2132 405 2196 πλειόνων
417 2134 560 2217 έθνῶνή
575 2129 776 2212 ξυμπάντων
796 2135 991 2218 ἀνθρώπων
1007 2135 1082 2206 ἑνδς
1098 2128 1219 2215 ἀνδρδς
1236 2131 1315 2212 ἀγα-

59 2236 131 2296 θοῦ
142 2238 256 2318 γνώμη
271 2238 327 2297 καλ
339 2237 441 2320 ἀρετῇ
450 2249 457 2264 ·
475 2232 612 2319 δευτέρα
630 2232 665 2296 δὲ
682 2236 922 2320 ἀριστοκρατία
937 2232 1134 2318 καλουμένη,
1151 2232 1227 2293 οὔτε
1242 2234 1316 2305 ένδς
1327 2233 1366 2294 46

13 2354 47 2404 ιι)
63 2339 139 2399 οὔτε
162 2335 299 2399 πολλῶν
321 2359 432 2415 τινων,
457 2335 541 2399 ἀλλά
565 2335 686 2419 ὀλίγων
709 2345 775 2399 τῶν
799 2338 946 2421 ἀρίστων
968 2341 1170 2423 ήγουμένων,
1198 2330 1316 2395 πλεῖον

10 2453 40 2504 10
62 2441 236 2519 ἀπέχουσα
266 2437 328 2524 ήδη
360 2448 421 2501 τοῦ
449 2437 593 2502 δυνατοῦ
613 2443 669 2502 καί
691 2447 752 2500 τοῦ
780 2445 1029 2525 συμφέροντος·
1063 2431 1174 2523 [τοῦτο
1203 2437 1316 2516 έμοιγε

63 2539 159 2603 δοκεῖ
175 2544 231 2604 καὶ
245 2534 392 2626 Ὅμηρος
415 2544 525 2604 εἰπεῖν
549 2539 756 2626 διανοηθείς,

213 2645 271 2704 οῦκ
293 2645 426 2726 ἀγαθάν
449 2641 707 2730 πολυκοιρανίη*
731 2644 780 2718 εἷς
801 2647 957 2728 κοίρανος
980 2645 1078 2717 ἔστω,

213 2747 261 2821 εἷς
283 2744 453 2826 βασιλεύς,
477 2738 504 2828 ᾦ
527 2745 630 2808 έδωκε
653 2748 785 2831 Κρόνου
810 2751 894 2820 παῖς
917 2732 1174 2827 ἀγκυλομήτεω]

64 2849 158 2932 τρίτη
198 2845 232 2909 δὲ
270 2856 391 2910 πασῶν
424 2846 661 2933 ἀδυνατωτάτη
701 2845 817 2927 σχεδὸν
848 2853 867 2933 ή
900 2847 1102 2932 σωφροσύνῃ
1130 2844 1187 2905 καὶ
1215 2843 1316 2925 ἀρετή
1328 2844 1369 2903 47

10 2963 39 3013 21
64 2946 171 3033 δήμου
195 2948 421 3033 προσδοκῶσά
447 2972 531 3012 ποτε
554 2953 706 3036 εὑρήσειν
722 2953 930 3012 κατάστασιν
946 2951 1078 3034 ἐπιεικῆ
1093 2948 1150 3009 καλ
1164 2948 1317 3024 νόμιμον,

66 3050 275 3135 δημοκρατία
299 3057 626 3137 προσαγορευομένη,
649 3055 797 3127 ἐπιεικὲς
821 3055 926 3132 ὄνομα
941 3054 998 3114 καὶ
1014 3048 1135 3136 πρᾷον,
1159 3049 1255 3134 εἴπερ
1278 3044 1317 3132 ήν

66 3150 218 3214 δυνατόν.
242 3155 333 3236 τρισί
349 3150 384 3213 δὲ
397 3155 546 3229 ταύταις,
562 3155 678 3237 ὥσπερ
695 3153 835 3239 εἴρηται,
854 3152 1046 3227 πολιτείαις
1061 3158 1151 3237 τρεῖς
1167 3149 1369 3215 έναντίαι48

66 3249 145 3337 [καὶ]
169 3256 365 3338 παράνομοι
382 3251 586 3338 διαφθοραί,
609 3259 628 3339 ή
652 3258 712 3333 μέν
736 3258 852 3339 πρώτη
879 3249 997 3337 [τεκαὶ
1019 3257 1139 3340 ἀρίστη
1161 3257 1316 3337 καίμόνη

155 3477 166 3527 1
188 3467 203 3528 ὃ
222 3463 415 3529 Ἀπολλώνιοσ
433 3472 454 3525 Ρ
531 3472 567 3524 cf.
586 3470 715 3525 Herodot.
734 3470 759 3524 V
777 3476 808 3526 61
880 3476 895 3525 2
914 3467 1008 3544 ἔχοντι
1026 3468 1103 3545 ἀρασ
1120 3473 1142 3526 P
1160 3479 1199 3539 (st
1211 3493 1249 3528 -τι
1260 3468 1320 3528 ἀ-ε.

66 3563 146 3622 corr.)
254 3551 400 3616 ὑπακοῦον
416 3562 564 3624 (corn-ccv)
581 3557 605 3611 V
622 3551 763 3613 ὑπακούοι
780 3553 851 3612 ίνΡ
955 3556 1121 3614 6oioaeceV
1229 3559 1319 3612 ταῦτα

67 3641 97 3699 δὲ
114 3642 189 3697 UBV
275 3647 290 3696 9
309 3636 392 3716 ἀρχὴ.
409 3637 547 3715 βασιλεὺσ
566 3673 596 3680 -
616 3638 715 3712 ἀρχων
733 3643 821 3708 UBV,
844 3640 943 3716 ἀρχων
961 3645 1037 3707 (cett.
1056 3648 1120 3708 om.)
1137 3641 1168 3708 P,
1187 3641 1236 3699 sed
1253 3656 1319 3707 ους.

67 3727 150 3781 hebet
167 3742 266 3783 acorr.
285 3743 354 3797 quae
373 3727 470 3792 ceteri;
488 3727 659 3782 secluserunt
676 3727 911 3796 interpolationem
929 3728 1044 3784 editores
1061 3727 1124 3782 inde
1135 3741 1153 3781 a
1164 3726 1270 3780 Veneta

70 3817 99 3868 11
111 3812 201 3866 malim
211 3807 227 3883 ή
236 3811 302 3880 (δὲ)
311 3815 450 3885 τυραννὶς,
459 3812 552 3867 deletis
564 3807 579 3869 δ
590 3813 620 3870 δὲ
630 3808 769 3883 τύραννος
777 3815 826 3868 καί
885 3815 984 3887 βίαιον
992 3813 1041 3870 UB
1105 3817 1136 3868 12
1145 3807 1270 3883 laxius

68 3897 170 3954 πλέον’
189 3888 266 3954 οἱίτω
284 3898 314 3954 δὲ
331 3929 364 3936 -
382 3897 528 3970 βασιλέωσ
544 3898 607 3952 libri
624 3912 728 3965 omnes3
747 3897 860 3952 seclusit
877 3898 978 3954 Reiske
1095 3904 1128 3954 14
1147 3892 1321 3968 ὀνομάζεται

69 3982 177 4047 seclusi,
197 3984 341 4052 νομίζεται
359 3983 384 4038 U
473 3982 631 4055 γινομένων
648 3982 674 4038 V
745 3990 776 4042 16
798 3993 949 4055 συμμεῖναι
970 4001 1020 4056 pro
1042 3988 1184 4058 συμβῆναι
1202 3984 1321 4038 Cobetus

68 4082 211 4137 perperam
303 4057 405 4124 εδοιο.
423 4068 497 4124 UBV
584 4072 615 4122 19
635 4062 781 4142 ὀλίγονΡ
869 4077 902 4126 20
926 4075 1012 4129 τοῦτο
1038 4066 1135 4142 ἔμοιγε
1152 4101 1185 4110 -
1203 4062 1321 4140 ἀγκυλο·

68 4147 165 4224 μήτεω
178 4152 286 4207 seclusi.
316 4154 401 4209 multo
416 4155 521 4208 cautius
533 4155 604 4209 enim
615 4154 674 4224 ipse
686 4153 739 4209 Dio
750 4157 778 4210 in
790 4156 1011 4211 antecedentibus
1073 4160 1105 4210 22
1123 4157 1155 4211 Il.
1175 4155 1259 4209 3204

69 4233 236 4310 κύρανοςΠ
348 4241 380 4291 23
398 4234 600 4311 ἀγγυλομήτεω
618 4239 640 4293 Ρ
657 4240 742 4309 (prius
764 4261 783 4311 γ
804 4240 833 4294 in
850 4262 868 4297 κ
885 4245 1027 4308 mutatum)
1141 4245 1174 4295 24
1191 4235 1327 4298 ἀάυνατω

70 4327 165 4392 (supra
189 4345 212 4380 ω
235 4323 317 4378 habet
339 4329 383 4390 τε)
405 4325 427 4378 Ρ
537 4320 686 4394 ineius,
709 4329 758 4381 καὶ
782 4325 856 4381 UBV
879 4342 931 4381 cm.
955 4325 977 4379 Ρ
1081 4320 1253 4399 σωφροσύνη
1273 4329 1323 4380 καὶ

70 4399 199 4479 ἀρετήΡ
285 4414 319 4464 25
337 4403 414 4485 δήμῳ
431 4409 480 4465 UB
566 4413 615 4466 καί
635 4406 812 4467 κατάστασιν
828 4410 855 4464 V
941 4406 1033 4480 νόμον
1050 4411 1098 4466 UB
1122 4410 1237 4481 vuovV

72 4497 103 4547 21
124 4482 224 4566 ώσπερ
246 4490 353 4566 εἴρηται
372 4494 488 4549 Ubinam
511 4493 612 4549 dictum
634 4494 694 4549 est?
781 4497 813 4548 28
831 4496 879 4550 καί
897 4500 962 4549 ante
984 4490 1149 4568 παράνομοι
1170 4494 1223 4550 del.
1241 4493 1321 4563 Emp.
