3068 5160
594 341 731 397 οειτιο
748 340 796 395 vi
1225 385 1240 422 „
1281 341 1320 400 89

12 529 50 583 Π)
64 514 165 581 οὐδὲν
194 513 336 597 δεόμενα
368 521 503 602 σκέπης.
559 514 712 579 καθόλου
743 513 779 578 δέ
809 519 844 579 ἐν
871 513 992 601 μηδενί
1020 518 1116 596 τόπῳ
1138 517 1323 598 ,γίγνεσθαι

64 615 164 702 ζῷον,
186 619 207 681 δ
227 621 272 705 μη
298 616 438 681 δύναται
460 615 517 705 ζῆν
539 621 575 682 ἐν
598 617 705 701 αὐτῷ·
727 620 747 703 ἢ
772 626 847 693 πῶς
869 620 910 680 ἀν
933 618 1117 702 ἐσώθησαν
1140 620 1175 679 οί
1190 625 1323 702 πρῶτοι

65 722 254 805 ἅνθρωποι
275 723 458 802 γενόμενοι,
481 722 565 806 μήτε
588 723 696 805 πυρός
719 722 816 794 άντος
836 722 920 805 μήτε
945 721 1060 782 οίκιῶν
1075 721 1158 804 μήτε
1174 721 1323 806 ἐσθῆτος

65 824 152 909 μήτε
181 819 286 907 ἄλλης
312 830 442 908 τροφῆς
463 824 483 907 ἢ
507 831 566 908 τῆς
590 823 801 901 αὐτομάτου,-
829 820 914 884 ἀλλά
936 825 996 908 την
1019 823 1227 906 πανουργίαν
1250 827 1324 896 τοῖς

28 938 46 989 ⁵
66 926 210 1009 ὕστερον
230 925 288 986 καί
308 926 347 985 τδ
371 920 482 986 πολλά
505 925 670 1010 εὑρίσκειν
691 927 748 987 καί
768 926 991 1010 μηχανᾶσθαι
1013 927 1101 1009 πρὸς
1118 926 1176 986 τόν
1191 925 1267 1005 βίον
1285 925 1322 985 οά

66 1029 159 1089 πάνυ
193 1047 228 1089 τι
264 1031 475 1108 συνενεγκεῖν.
528 1027 565 1087 οά
601 1027 664 1110 γάρ
697 1028 784 1111 πρδς
813 1024 970 1112 ἀνδρείαν
1000 1025 1075 1089 οὐδὲ
1107 1023 1322 1111 δικαιοσύνην
1333 1028 1374 1091 29

63 1129 222 1215 χρῆσθαι
243 1135 285 1212 τῇ
309 1129 417 1213 σοφίη
439 1130 518 1202 τοδς
534 1129 752 1212 ἀνθρώπους,
776 1125 860 1190 ἀλλά
877 1134 964 1215 πρός
978 1128 1116 1215 ἡδονήν·
1140 1126 1325 1203 διώκοντας

69 1229 128 1293 οὖν
150 1232 190 1292 τδ
212 1227 274 1313 ηδτ)
296 1227 334 1306 ἐξ
356 1231 508 1304 ἅπαντος
530 1231 583 1292 ἀεὶ
607 1226 663 1316 ζῆν
686 1228 890 1316 ἀηδέστερον
912 1233 967 1293 καί
982 1233 1246 1315 ἐπιπονώτερον,
1268 1232 1326 1293 καί

68 1328 253 1406 δοκοῦντας
284 1333 551 1417 προμηθεῖσθαι
580 1340 676 1418 σφῶν
707 1334 816 1395 αὐτῶν
844 1336 985 1394 κάκιστα
1016 1329 1238 1394 ἀπόλλυσθαι
1268 1329 1324 1394 διὰ

15 1441 47 1495 ίδ
66 1437 129 1521 τήν
163 1430 293 1519 πολλὴν
321 1431 519 1514 ἐπιμέλειάν
548 1456 584 1497 τε
613 1437 670 1496 καί
699 1436 928 1521 προμήθειαν.
976 1437 1033 1498 καί
1062 1437 1169 1510 οὕτως
1199 1432 1237 1520 δη
1267 1437 1325 1496 τδν

68 1536 265 1621 Προμηθέα
282 1533 421 1610 δικαίως
438 1534 600 1618 λέγεσθαι
617 1535 794 1616 δεδεμένον
809 1539 844 1598 ἐν
860 1542 969 1622 πέτρα
982 1539 1163 1622 κείρεσθαι
1177 1538 1215 1599 τδ
1231 1537 1324 1622 ἧπαρ
1337 1537 1376 1598 30

69 1641 138 1701 ὑπὸ
167 1645 231 1699 τοῦ
258 1639 367 1699 ἀετοῦ.
414 1639 527 1699 δπόσα
555 1640 617 1718 μέν
646 1639 703 1700 οδν
728 1635 955 1702 πολυδάπανα
976 1641 1034 1702 καί
1056 1637 1197 1719 δεόμενα
1220 1658 1327 1723 πραγ-

69 1741 214 1821 ματείας
242 1741 299 1802 καὶ
326 1736 579 1823 ταλαιπωρίας,
615 1748 720 1802 ταῦτα
749 1744 810 1820 μέν
839 1739 966 1826 ἀφῄρει
994 1744 1050 1804 καί
1077 1739 1225 1826 βλαβερά
1254 1746 1328 1815 τοῖς

67 1846 258 1927 χρωμένοις
280 1841 486 1926 ἀπέφαινεν·
514 1844 577 1903 ὅσα
601 1839 637 1904 δέ
660 1840 788 1927 ῥηιδίως
810 1844 866 1904 καί
888 1844 1114 1928 ἀπραγμόνως
1136 1844 1229 1904 ἐστιν
1252 1845 1327 1905 ἐπι-

17 1952 48 2005 15
70 1946 206 2029 κουρεῖν
228 1940 275 2025 τῴ
300 1944 433 2023 σώματι
454 1944 510 2004 καί
533 1946 620 2028 πρός
639 1951 789 2025 χειμῶνα
811 1946 868 2007 καί
889 1946 977 2029 πρός
1000 1941 1097 2023 λιμόν
1113 1946 1171 2007 καί
1185 1945 1274 2027 πρὸς
1288 1946 1327 2005 τό

70 2045 208 2107 παῖσαί
236 2064 312 2107 τινα
342 2041 451 2128 ὄρεξιν
479 2052 541 2106 τοῦ
573 2048 746 2126 σώματος,
777 2047 815 2106 οὐ
839 2051 1064 2130 παρέπεμπεν
1087 2045 1184 2109 οὐδὲν
1208 2048 1327 2122 αὐτῶν,

71 2143 159 2210 ἀλλὰ
188 2148 246 2209 καὶ
272 2150 400 2220 τόπους
429 2138 544 2232 ᾑρεῖτο
573 2150 651 2222 τούς
679 2151 845 2230 ὑγιεινοὺς
872 2146 1000 2229 μᾶλλον
1021 2151 1041 2234 ἢ
1064 2152 1144 2224 τούς
1166 2145 1329 2220 νοσώδεις

69 2251 130 2313 καί
153 2251 233 2324 τούς
256 2249 421 2334 εὐφόρους
449 2247 570 2332 έκάστη
601 2251 687 2334 ὥρα,
716 2253 773 2313 καί
794 2260 924 2337 τροφῆς
946 2255 1041 2327 ὅπως
1065 2253 1248 2336 εὐπορήσει
1270 2249 1377 2334 τῆς31

72 2354 190 2438 ἱκανῆς
218 2348 416 2432 ἐπεμελεῖτο
444 2353 501 2414 καί
528 2352 677 2437 ἐσθῆτος
707 2361 766 2437 τῆς
794 2355 949 2438 μετρίας,
978 2353 1186 2440 πραγμάτων
1217 2351 1252 2416 δέ
1274 2353 1331 2413 καί

14 2463 48 2515 2)
72 2451 177 2518 δικῶν
203 2455 261 2516 καὶ
290 2450 488 2539 φιλονικιῶν
515 2455 572 2516 καί
600 2451 759 2534 πολέμων
786 2457 843 2518 καί
872 2450 1023 2520 στάσεων
1052 2459 1148 2532 ἐκτός
1175 2453 1224 2541 ἦν.
1275 2455 1332 2516 καί

25 2626 28 2631 ,
72 2553 223 2639 μάλιστα
246 2557 400 2636 ἐμιμεῖτο
423 2562 490 2616 τῶν
512 2555 606 2617 θεῶν
628 2559 686 2618 τόν
709 2558 800 2638 βίον·
827 2560 973 2633 ἐκείνους
995 2560 1057 2642 γὰρ
1079 2563 1204 2638 μόνους
1227 2559 1330 2642 φησίν

65 2651 216 2743 Ὅμηρος
244 2655 372 2741 ῥαδίως
401 2652 474 2742 ζῆν,
505 2658 552 2731 ὡς
578 2664 645 2719 τῶν
673 2659 870 2741 ἀνθρώπων
898 2661 1075 2734 ἐπιπόνως
1096 2663 1153 2724 καί
1171 2658 1331 2739 χαλεπῶς

73 2762 251 2842 βιούντων.
339 2760 380 2821 τὰ
411 2757 446 2821 δέ
470 2767 611 2821 τοιαῦτα
634 2761 699 2845 ἔφη
723 2763 780 2824 καί
801 2762 842 2823 τά
864 2762 973 2847 θηρία
998 2760 1122 2847 διορᾶν.
1168 2764 1246 2836 τοὺς
1268 2765 1329 2842 μὲν
1341 2757 1382 2819 32

73 2863 139 2947 γάρ
167 2858 358 2945 πελαργοὺς
386 2861 427 2922 τά
456 2861 571 2946 θερμά
599 2870 661 2922 τοῦ
687 2863 813 2947 θέρους
842 2860 1096 2939 ἀπολείποντας
1125 2866 1176 2939 είς
1198 2867 1257 2927 τόν
1280 2864 1330 2927 εό-

17 2976 52 3027 5
73 2983 198 3051 κρατον
214 2963 297 3047 ἀέρα
314 2963 549 3048 ἀφικνεῖσθαι,
572 2965 628 3025 καὶ
645 2961 866 3047 διαγαγόντας
880 2967 1031 3028 ἐνταῦθα
1047 2968 1177 3030 ὁπόσον
1192 2966 1332 3053 ἥδιστον

75 3073 140 3129 τοῦ
162 3067 301 3149 χρόνου,
330 3065 415 3144 μετὰ
444 3073 549 3126 ταῦτα
579 3066 731 3150 ἀθρόους
760 3068 916 3144 ἀπιέναι,
946 3071 1004 3131 τὸν
1027 3077 1177 3150 χειμῶνα
1200 3071 1333 3148 ὑποχω-

76 3175 231 3253 ροῦντας,
261 3167 322 3240 τὰς
346 3163 381 3228 δέ
404 3166 563 3252 γεράνους
584 3170 772 3252 ἐπιφοιτᾶν
795 3167 842 3251 τῷ
867 3173 995 3252 σπόρῳ,
1016 3179 1166 3251 χειμῶνα
1187 3173 1335 3256 μετρίως

77 3271 262 3356 φερούσας,
284 3270 341 3331 καί
362 3277 422 3354 τῆς
443 3279 573 3356 τροφῆς
595 3274 699 3334 ἕνεκα.
737 3271 798 3344 τὰς
821 3268 857 3332 δὲ
880 3269 1029 3357 ἐλάφους
1050 3275 1107 3335 καί
1128 3276 1207 3348 τούς
1224 3270 1333 3356 λαγώς
1344 3267 1384 3330 33

77 3379 143 3434 τοῦ
167 3374 230 3452 μὲν
256 3373 388 3453 ψύχους
416 3373 466 3445 είς
494 3372 535 3433 τά
563 3371 667 3435 πεδία
696 3374 752 3434 καί
780 3373 822 3433 τά
851 3370 949 3434 κοῖλα
970 3374 1187 3454 καταβαίνειν
1210 3376 1246 3436 ἐκ
1267 3381 1334 3435 τῶν

20 3484 53 3537 ³⁰
77 3477 182 3561 ἀρῶν,
210 3474 386 3537 κάνταῦθα
415 3471 635 3536 ὑποστέλλειν
658 3479 731 3549 τοῖς
754 3476 942 3556 ἀπηνέμοις
962 3477 1019 3538 καί
1041 3481 1246 3561 προσηνέσι,
1274 3482 1336 3535 τοῦ

168 3686 341 3758 1δεόμενον
357 3687 429 3753 libri
448 3704 517 3744 corr.
536 3689 600 3742 Wil.
669 3690 842 3761 γίνεσθαιΥ
912 3690 1047 3758 2ζεῖνΠ
1103 3688 1136 3747 ἐν
1152 3705 1205 3745 om.
1224 3690 1289 3743 PM¹

76 3774 191 3831 Yhoee
207 3775 247 3828 ita
269 3789 335 3830 scin:
359 3771 392 3830 έν
420 3763 443 3846 ᾧ
466 3769 505 3844 μὴ
529 3769 668 3831 δύνασθαι
690 3778 742 3846 ζῆν
760 3769 845 3840 αὐτὸ,
870 3772 898 3831 οἳ
918 3778 985 3831 πῶυ
1002 3778 1054 3829 etc.
1150 3770 1335 3846 3γενόμενοι

77 3855 236 3933 ἀνθρωττοι
253 3857 304 3915 UY
319 3858 383 3925 (hoc
401 3858 471 3924 ord.)
583 3860 698 3918 οἰκείων
715 3861 758 3913 M¹
850 3865 867 3915 4
889 3864 1003 3932 τροφῆσ
1026 3864 1080 3932 τῆσ
1101 3864 1163 3928 (om.
1180 3855 1208 3931 ἤ)
1225 3859 1251 3914 V

78 3939 218 4015 ἐὲτερον
234 3943 277 3997 M¹
328 3947 378 4001 καί
395 3939 431 4002 τά
449 3940 586 4002 πολλάΠ
647 3938 746 4004 δοίδὲ
763 3940 820 4017 γάρ
838 3945 887 4001 UB
940 3949 1022 4002 Sxal
1039 3943 1071 4013 ἐξ
1086 3936 1220 4003 άπαντοσ
1236 3944 1285 4000 UB

78 4022 196 4131 θαάηαῖ
210 4028 238 4083 V
307 4033 338 4085 13
357 4030 575 4103 ταλεπωρίασΡ
627 4034 676 4086 καί
694 4025 747 4088 οὐκ
763 4027 918 4103 δγιεράίίι
973 4035 1005 4084 14
1026 4024 1286 4102 άπραγμόνουςΜί

81 4169 114 4220 18
133 4133 264 4240 ἐδάρουσ
280 4165 306 4220 Y
322 4157 449 4238 ἐφόρους
466 4165 509 4218 Μι
585 4163 692 4237 ἑκάστη
709 4170 745 4238 τῇ
762 4167 837 4223 UBV
923 4169 1018 4241 τροφῇ
1040 4156 1167 4223 δπωσί
1253 4157 1336 4221 εὐπο·

81 4247 153 4324 ρήση
169 4250 239 4304 YM¹
320 4254 352 4304 20
371 4253 552 4322 φιλονεικιῶν
568 4251 631 4304 libri
712 4248 843 4310 στάσεων
860 4255 908 4308 καί
925 4251 1061 4321 πολέμων
1078 4253 1139 4317 (hoc
1157 4249 1226 4316 ord.)
1243 4249 1268 4302 Y

81 4339 116 4390 22
139 4327 184 4391 ώσ
203 4337 264 4392 τῶν
285 4327 424 4391 ἁπάντων
449 4330 646 4392 ἐπιπόνωσν
731 4341 764 4392 23
789 4340 861 4410 δρᾶν
883 4337 932 4392 UB
1030 4339 1064 4389 24
1088 4335 1128 4400 είς
1150 4329 1185 4390 τὸ
1210 4334 1253 4387 Μι

82 4423 116 4475 25
136 4409 216 4486 ὅπως
226 4419 272 4476 Μ’
339 4422 372 4472 26
390 4413 621 4492 ἀποχυροῦντασ
637 4420 707 4489 libri,
725 4437 795 4477 corr.
812 4421 924 4476 Lobeck
993 4423 1026 4474 28
1044 4423 1093 4476 καί
1110 4424 1164 4492 τῆσ
1181 4418 1271 4476 om.Y

82 4506 117 4561 29
135 4506 233 4561 παιδία
251 4505 274 4558 Ρ
343 4507 376 4558 30
395 4523 555 4576 προσηνοιο
571 4506 646 4562 UBV
