3068 5160
671 313 806 370 ORATIO
823 314 884 369 Xll.
1345 319 1406 379 163

150 499 240 577 φῶς,
270 490 401 574 τροφάς
425 486 460 550 ὑὲ
490 490 669 573 ἀφθόνους
692 490 838 567 ἔχοντες,
870 492 1122 576 εὐπορήσαντος
1143 495 1199 556 καί
1226 513 1405 579 προπαρα-

150 583 375 665 σκευάσαντος
393 598 454 651 τοῦ
472 589 693 675 προπάτορος
719 592 807 653 θεοῦ
828 594 966 676 πρώτην
990 597 1050 672 μὲν
1077 601 1150 670 τοῖς
1175 598 1327 679 πρώτοις
1348 601 1403 660 καὶ
1416 599 1456 661 30

150 694 338 771 αὐτόχθοσι
353 695 412 778 τῆν
430 690 549 776 γεώόη,
571 690 723 778 μαλακῆς
738 694 789 754 ἔτι
804 694 861 754 καὶ
876 694 997 768 πίονος
1012 704 1071 779 τῆς
1088 693 1180 771 ἰλύος
1199 701 1275 760 τότε
1293 699 1403 784 οόσης,

150 796 265 878 ὥσπερ
282 796 352 857 άπό
368 797 495 880 μητρός
505 803 564 879 τῆς
574 804 633 880 γῆς
651 792 874 875 λιχμωμένοις
888 790 988 878 (καὶ),
1004 795 1164 881 καθάπερ
1177 799 1218 859 τά
1232 801 1321 883 φυτά
1337 808 1403 875 νῦν,

109 906 124 954 5
147 893 281 958 έλκσυσι
303 899 362 982 τῆν
385 894 422 974 ἐξ
444 898 546 982 αὑτῆς
569 895 705 976 ἰκμάὺα,
730 895 887 981 ὑευτέραν
904 895 939 959 ὑὲ
961 903 1034 973 τοῖς
1056 895 1118 984 ῆόη
1143 905 1306 983 προϊοῦσι
1327 922 1404 985 καρ-

149 1005 222 1060 πῶν
252 1020 287 1060 τε
317 997 515 1078 αὐτομάτων
543 1000 600 1061 καί
626 1002 716 1073 πόας
739 1000 777 1059 ού
802 997 943 1084 σκληρός
967 1002 1035 1080 ἅμα
1060 997 1169 1084 δρόσῳ
1193 998 1327 1084 γλυκείᾳ
1349 1005 1405 1065 καί

147 1103 274 1178 νάμασι
303 1109 443 1186 νυμφῶν
474 1103 656 1180 ποτίμοις,
685 1103 741 1162 καὶ
765 1098 803 1186 όη
827 1103 966 1163 καὶτοῦ
987 1107 1202 1185 περιέχοντος
1225 1108 1405 1189 ἠρτημένοι

146 1204 201 1263 καὶ
224 1206 426 1288 τρεφόμενοι
449 1211 490 1288 τῇ
520 1201 670 1287 όιηνεκεῐ
694 1210 756 1264 τοῦ
783 1206 975 1282 πνεύματος
1004 1205 1164 1287 ἐπιρροῇ,
1195 1190 1404 1290 άέραμὺγρόν

146 1300 306 1380 ἕλκοντες,
331 1307 446 1388 ὥσπερ
469 1307 589 1390 νήπιοι
612 1302 744 1380 παῖὑες,
769 1305 894 1367 οόποτε
916 1301 1157 1379 ἐπιλείποντος
1171 1303 1335 1386 γάλακτος
1350 1309 1405 1369 ἀεί

96 1417 123 1468 10
148 1425 249 1490 σφισι
277 1405 386 1492 θηλῆς
415 1410 614 1491 ἐγκειμένης.
661 1404 777 1486 σχεόόν
806 1407 868 1490 γάρ
898 1407 939 1468 ἂν
967 1409 1090 1490 ταύτην
1118 1405 1326 1493 ὑικαιότερσν
1351 1407 1400 1471 λέ·
1413 1409 1451 1472 31

69 1521 72 1526 ’
145 1528 261 1590 γοιμεν
285 1512 421 1593 πρώτην
443 1512 573 1593 τροφῆν
596 1515 669 1584 τοῖς
691 1530 727 1570 τε
750 1511 916 1592 πρότερον
938 1509 994 1569 καί
1016 1513 1089 1581 τοῖς
1111 1509 1250 1593 ὕστερον
1274 1507 1401 1585 ἁπλῶς.

145 1606 287 1670 έπειόάν
309 1610 370 1692 γὰρ
393 1612 518 1693 έκπέση
543 1618 602 1695 τῆς
625 1612 769 1693 γαστρός
792 1610 929 1694 νωθρόν
951 1611 1002 1671 ἔτι
1024 1610 1080 1671 καὶ
1102 1607 1245 1694 άὺρανὲς
1267 1615 1305 1674 τό
1327 1613 1403 1696 βρέ-

146 1731 227 1794 φος,
252 1708 389 1788 όέχεταιτ,
400 1714 464 1797 μὲν
486 1715 506 1796 ῆ
530 1720 580 1797 γῆ,
603 1716 623 1795 ῆ
646 1709 693 1793 τῴ
717 1713 788 1773 όντι
810 1713 936 1796 μήτηρ,
961 1713 979 1771 ό
1002 1708 1037 1790 ὑὲ
1061 1713 1124 1798 άῆρ
1141 1713 1345 1787 εἰσπνεύσας
1366 1735 1403 1774 τε

143 1814 198 1873 καὶ
228 1809 339 1892 ψύξας
369 1812 472 1886 εὐθύς
500 1815 630 1897 ἤγειρεν
657 1816 819 1897 ὑγροτέρᾳ
847 1821 959 1898 τροφῇ
980 1810 1144 1894 γάλακτος
1166 1816 1222 1876 καὶ
1252 1812 1401 1898 φθέγξα-

92 1927 120 1976 15
144 1915 231 1974 σθαι
265 1918 440 1997 παρέσχεν.
496 1917 619 1999 ταύτην
653 1917 791 1988 εἰκότως
821 1917 958 1999 πρώτην
997 1906 1118 1996 λέγοιτ’
1152 1917 1193 1977 ἂν
1226 1922 1299 1990 τοῖς
1332 1935 1401 1997 γεν-

143 2019 346 2099 νωμένοιςῆ
373 2018 476 2100 φύσις
497 2018 651 2094 ἐπισχεῖν
674 2014 793 2101 θηλήν.
841 2014 923 2100 ὑὺῆ
949 2019 1151 2094 πάσχοντες,
1182 2019 1398 2092 ἐπινοοῦντες
1408 2019 1448 2082 32

143 2119 201 2178 ούκ
223 2114 381 2178 ἰύύναντο
404 2119 448 2201 μῆ
472 2113 661 2197 θαυμάζειν
682 2120 739 2181 καὶ
761 2120 894 2199 ἀγαπᾶν
917 2120 954 2179 τό
975 2114 1162 2197 δαιμόνιον,
1186 2121 1272 2202 πρός
1296 2116 1332 2181 ὑὲ
1356 2121 1400 2180 αύ

142 2221 276 2293 τούτοις
292 2219 621 2298 αἰσθανόμενοι”τῶν
645 2221 751 2303 ὡρῶν,
776 2223 829 2281 ότι
850 2227 909 2304 τῆς
924 2223 1088 2303 ῆμετέρας
1111 2223 1204 2282 ἕνεκα
1227 2223 1396 2301 γίγνονται

145 2323 313 2405 σωτηρίας
337 2323 425 2382 πάνυ
449 2322 596 2405 ἀκριβῶς
618 2323 673 2382 καὶ
696 2325 934 2405 πεφεισμένως
949 2325 1108 2405 έκατέρας
1122 2330 1181 2406 τῆς
1196 2320 1396 2408 ὑπερβολῆς,

91 2437 118 2486 20
143 2417 206 2506 [ἔτι
223 2416 270 2505 ὑὲ]
285 2425 341 2484 καὶ
356 2420 434 2484 τόόε
449 2420 621 2507 ἐξαίρετον
637 2425 768 2501 ἔχοντες
784 2425 820 2484 ἐκ
841 2430 908 2484 τῶν
923 2423 1016 2484 θεῶν
1040 2426 1127 2507 πρός
1149 2425 1190 2484 τά
1215 2421 1299 2486 ἄλλα
1317 2419 1396 2507 ζῷα,

144 2520 341 2606 λογίζεσθαι
369 2526 425 2587 καί
453 2522 673 2586 διανοεῖσθαι
702 2526 781 2607 περί
810 2526 928 2586 αὑτῶν.
1047 2522 1164 2604 σχεδόν
1195 2526 1251 2587 οὖν
1280 2530 1397 2606 όμοιον
1412 2525 1452 2588 33

143 2629 258 2710 ὥσπερ
286 2625 321 2688 εἴ
340 2649 392 2701 τις
415 2624 520 2712 ἄνδρα
535 2619 676 2711 Ἕλληνα
698 2627 717 2710 ἢ
745 2627 916 2710 βάρβαρον
940 2627 1041 2717 μυοίη
1067 2624 1242 2711 παραδούς
1266 2630 1315 2701 εἰς
1336 2650 1396 2707 μυ-

144 2732 256 2790 στικόν
278 2751 353 2792 τινα
375 2728 466 2792 οἶκον
489 2731 645 2816 ὑπερφυῆ
668 2727 784 2790 κάλλει
805 2730 861 2789 καί
881 2728 1031 2808 μεγέθει,
1056 2726 1165 2790 πολλὰ
1187 2732 1248 2808 μὲν
1270 2731 1399 2813 ὁρῶντα

141 2832 285 2910 μυστικά
308 2833 477 2912 θεάματα,
502 2829 638 2893 πολλῶν
662 2829 697 2893 ὑὲ
721 2833 885 2892 άκούοντα
915 2832 1079 2892 τοιούτων
1103 2839 1235 2915 φωνῶν,
1261 2835 1400 2906 σκότους

10 2945 120 2998 11311115
143 2937 255 2996 τεκαὶ
278 2937 392 3018 φωτός
414 2931 557 3010 ἐναλλάξ
579 2932 668 3015 αῦτη]
694 2937 925 3018 φαινομένων,
949 2928 1060 2993 ἄλλων
1082 2953 1118 2994 τε
1140 2935 1268 3018 μυρίων
1291 2954 1399 3016 γιγνο·

139 3040 258 3114 μένων,
282 3037 333 3097 ἔτι
357 3033 392 3097 ὑὲ
416 3030 468 3120 [εἰ]
490 3037 650 3119 καθάπερ
675 3036 843 3096 εἰώθασιν
872 3036 907 3095 ἰν
930 3031 977 3115 τῴ
1003 3030 1194 3116 καλουμένη)
1219 3034 1399 3119 θρονισμῷ

139 3139 344 3212 καθίσαντες
367 3140 445 3212 τούς
467 3142 674 3218 μυουμένους
692 3138 725 3196 οἱ
747 3133 920 3208 τελοῦντες
935 3133 1039 3216 κύκλῳ
1063 3141 1308 3219 περιχορεύειν·
1333 3137 1397 3221 ἆρά

228 3378 239 3425 1
261 3364 480 3442 εόπορήσαντοο
498 3369 528 3423 Μ
549 3359 581 3425 εὖ
598 3370 780 3440 πορίσαντσσ
798 3366 881 3420 ceteri
986 3370 1000 3416 ’ἰ
1020 3375 1081 3431 τοῖς
1099 3363 1226 3437 πρώτοις
1248 3373 1297 3424 καὶ
1315 3361 1399 3425 αότό-

142 3462 230 3527 χθοσι
244 3487 272 3494 -
288 3455 476 3527 λιχμμωένσις
487 3453 566 3523 (καί)
578 3454 643 3508 Wil.
659 3452 685 3508 ol
699 3455 811 3523 πρῶτοι
823 3452 871 3505 καί
884 3441 1062 3518 αὐτόχθονες
1074 3481 1103 3487 -
1115 3449 1290 3523 λιχμώμενοι
1302 3453 1364 3506 libri

140 3537 403 3612 3τὴνγαιιόὺηΙίΒ
465 3538 624 3595 πείονσσΰ
685 3530 838 3608 ίμητρὸσ
855 3536 903 3589 καὶ
914 3531 1001 3603 γῆσΡ
1059 3538 1113 3604 γῆσ
1131 3537 1221 3591 om.U
1282 3533 1398 3606 λειχμιό-

139 3646 221 3694 μενοι
234 3627 283 3681 UB
341 3621 470 3682 ἕλκουσιν
488 3621 519 3689 ἐξ
534 3628 596 3685 1οω.
616 3618 769 3692 τὴνλῖίΒΜ
835 3615 1003 3688 όόευτέραν
1015 3637 1046 3673 τε
1059 3619 1112 3671 ΒΜ
1178 3621 1347 3676 6τεοω.ἶ]

140 3701 200 3779 ἅμα
213 3710 242 3767 δὲ
253 3710 333 3765 UBM
399 3716 412 3763 'l
426 3712 564 3777 ποτίμοισ
577 3706 610 3764 ἐκ
622 3702 653 3777 δὴ
667 3709 720 3762 τοῦ
732 3706 761 3758 Μ
831 3699 988 3774 α’ρὺόμενοι
1000 3703 1072 3765 wil,
1091 3703 1185 3757 deletis
1203 3709 1256 3761 τοῦ
1274 3702 1396 3773 πνεύμα-

140 3815 190 3862 τος
207 3797 256 3850 18
325 3792 632 3852 9ἐπιλιπόντοσΗΒΜ
686 3797 716 3846 10
730 3789 864 3861 σφίσινῑ]
917 3784 1008 3859 λήθησ
1019 3787 1090 3855 libri,
1109 3804 1178 3843 corr.
1192 3789 1263 3842 Mor.
1316 3789 1396 3861 ἰγκη-

138 3877 480 3953 μένησΜόγγειμένησΡ
554 3874 611 3950 γάρ
631 3868 682 3934 οὖν
693 3876 763 3941 libri,
782 3889 854 3930 corr.
867 3873 967 3928 Reiske
1019 3872 1199 3946 δικαιοτέραν
1218 3874 1264 3928 PY
1316 3875 1395 3946 λέγι·

138 3985 192 4034 μεν
210 3966 280 4033 libri,
298 3982 368 4021 corr.
387 3964 487 4018 Reiske
549 3970 575 4017 11
597 3957 691 4033 ἁπλῆν
708 3961 777 4026 libri,
797 3975 868 4014 corr.
888 3957 998 4012 Geelius
1053 3962 1084 4012 14
1100 3961 1148 4014 καὶ
1167 3954 1257 4030 ψύξας
1274 3959 1396 4014 Hertlein

138 4054 187 4108 καὶ
201 4047 338 4123 εἰσψάξας
357 4050 420 4104 libri
477 4047 681 4119 φθέξασθαιΡ
749 4052 778 4099 15
797 4040 898 4116 πρώτη
917 4045 946 4098 Μ
1004 4043 1223 4114 γενωμὲνυισΒ
1286 4049 1313 4097 11
1334 4040 1396 4116 η’όό-

141 4157 228 4194 ναντο
242 4138 272 4191 Μ
332 4154 356 4193 v.
374 4133 600 4199 ἐπινοοῦντες-
617 4127 767 4200 δαιμόνιον
784 4130 880 4185 melius
898 4130 1050 4197 legerentur
1068 4135 1129 4197 post
1146 4123 1308 4202 ὑπερβολῆς
1366 4129 1395 4188 δὲ

140 4227 233 4277 om.M
280 4207 864 4287 18αἰσθανομένοισΠΒΥέσθανόμενσιΡ
913 4210 1040 4269 ἕνεκενΡ
1091 4213 1355 4285 19πεφισμένωσΜ

140 4308 292 4378 τῆσσωΡ
360 4309 391 4359 20
405 4302 489 4362 ἔτιδὲ
505 4303 605 4358 seclusi
669 4305 698 4354 21
721 4321 752 4357 τε
770 4303 818 4355 καί
836 4300 882 4353 ΡΥ
935 4297 1105 4352 scribendum
1123 4293 1157 4354 τὸ
1177 4301 1346 4370 λογίζεσθαι

140 4399 173 4449 22
193 4396 280 4465 μυοίη
298 4392 403 4460 scripsi,
421 4395 555 4459 μυεῖσθαι
573 4388 634 4442 libri
688 4390 720 4439 23
738 4389 833 4452 μῦθον
851 4400 900 4451 pro
920 4377 1002 4438 οἷκον
1020 4382 1099 4438 UBM
1152 4387 1183 4436 25
1203 4377 1298 4439 αὑτῶν
1316 4383 1346 4438 Μ

138 4476 246 4546 ἐναλὰξ
261 4480 287 4535 U
356 4481 388 4530 16
408 4476 434 4532 εἰ
450 4476 548 4530 seclusi
1145 4554 1191 4606 11*
