3068 5160
657 324 793 381 ORATIO
812 326 937 382 XXXIV.
1363 326 1422 384 321

168 503 331 586 φώνησαν
355 501 441 582 πρός
464 496 587 580 ὀλίγον,
611 500 684 562 εἶτα
708 492 813 574 εὐθύς
836 497 1038 582 ἀπᾴδουσιν.
1081 502 1197 585 ὥσπερ
1222 501 1279 562 οόν
1302 503 1340 562 τό
1363 504 1424 580 μὲν

166 602 299 687 τρῶσαί
320 623 354 663 τι
376 603 431 662 καί
455 597 577 662 διελεῖν
600 604 681 680 ταχύ
704 603 929 684 γίγνεταικαὶ
952 604 1040 662 πάνυ
1063 598 1200 685 ῥηιδίως,
1224 603 1262 663 τό
1281 598 1316 662 δὲ
1342 618 1421 680 συμ-

168 708 277 790 φῦσαι
298 705 354 765 καί
378 708 573 784 συναγαγεῖν
593 707 714 786 χρόνον
739 701 848 765 δεῖται
873 704 929 764 καί
952 710 1137 787 προσοχῆς,
1169 704 1256 763 ούτω
1285 704 1341 764 καί
1363 704 1422 765 ἰπὶ

166 813 233 868 τῶν
250 802 384 867 πόλεων
400 807 476 883 ἔχει.
515 807 552 865 τό
575 807 636 883 μὲν
653 802 869 890 διενεχθῆναι
890 805 946 866 καί
962 806 1147 865 στασιάσαι
1170 805 1351 887 πρόχειρον
1366 806 1422 865 καί

128 917 143 968 5
167 905 224 970 διά
239 908 341 991 μικρὰ
360 908 537 987 συμβαίνει
554 903 728 982 πολλάκις,
751 909 789 967 τό
815 904 849 968 δὲ
864 914 1072 990 καταστῆναι
1086 906 1142 966 καί
1157 907 1216 991 τὴν
1233 906 1420 988 προσηκου-

169 1026 230 1071 σαν
254 1006 368 1088 λαβεῖν
393 1005 552 1069 διάθεσιν
574 1010 630 1070 καί
653 1010 770 1070 πίστιν
791 1009 838 1087 μά
861 1000 922 1070 Δί’
949 999 1007 1068 οὐκ
1036 1009 1128 1068 ἔστιν
1158 1008 1318 1080 εἰπόντας
1342 998 1419 1072 οὐδὲ

168 1107 330 1187 δόξαντας
352 1115 527 1190 μετανοεῖν
550 1103 656 1184 εὐθύς
682 1111 777 1189 ἔχειν.
824 1109 908 1184 ἴσως
930 1111 990 1189 μὲν
1019 1110 1081 1193 γάρ
1112 1100 1149 1169 ού
1181 1109 1274 1192 παρὰ
1302 1111 1472 1187 μόνοις19

166 1203 254 1292 ύμῖν,
279 1209 435 1274 ἀλλὰκαὶ
455 1213 548 1296 παρὰ
565 1217 637 1285 τοῖς
653 1209 770 1286 ἀλλοις
786 1214 897 1273 άπασι
913 1207 1058 1295 μεγάλης
1074 1212 1166 1284 τινός
1188 1217 1287 1270 τοῦτο
1312 1206 1421 1271 δεῖται

166 1314 368 1397 θεραπείας,
391 1311 519 1393 μᾶλλον
537 1311 572 1374 δὲ
588 1305 693 1398 εὐχῆς.
733 1305 770 1373 ού
792 1314 967 1397 γάρέστιν
990 1309 1101 1386 άλλως
1123 1313 1141 1396 ἢ
1159 1319 1225 1372 τῶν
1240 1314 1421 1373 κινούντων

117 1426 144 1480 1⁰
164 1422 274 1477 κακῶν
296 1418 352 1477 καί
373 1419 612 1500 ταρασσόντων
635 1412 889 1490 ἀπολυθέντας,
915 1415 1066 1498 φθόνου,
1091 1409 1298 1490 πλεονεξίας,
1324 1409 1420 1497 φιλο-

122 1532 152 1584 sl)
166 1519 284 1592 νικίας,
308 1525 369 1578 τού
391 1513 499 1601 ζητεῖν
521 1520 660 1578 ἕκαστον
682 1513 792 1592 αὔξειν
812 1518 931 1577 έαυτόν
954 1510 1032 1598 [καὶ]
1055 1517 1113 1600 την
1136 1511 1285 1596 πατρίδα
1307 1515 1364 1575 καὶ
1382 1517 1420 1575 τό

164 1625 260 1702 κοινῆ
280 1623 452 1703 συμφέρον
475 1614 622 1679 ἐάσαντα
646 1618 857 1697 συμπνεῦσαί
879 1636 964 1678 ποτε
986 1618 1130 1700 ἰσχυρῶς
1144 1618 1200 1678 καί
1215 1607 1320 1678 ταύτά
1337 1635 1420 1701 προ-

165 1717 318 1782 ελέσθαι.
357 1723 403 1794 ὡς
420 1711 504 1804 παρ’
532 1719 584 1794 οἷς
600 1709 640 1782 δν
664 1722 759 1800 ἰσχύῃ
782 1726 886 1778 ταῦτα
902 1720 959 1779 καί
981 1709 1122 1778 τοιαῦθ)
1150 1720 1256 1800 έτερα,
1280 1720 1420 1793 τούτους

166 1823 289 1906 ἀνάγκη
312 1825 370 1884 τόν
393 1824 444 1882 ἀεὶ
465 1826 586 1901 χρόνον
609 1816 814 1900 ἐπισφαλεῖς
837 1817 926 1878 εἶναι
947 1821 1003 1879 καί
1020 1815 1075 1879 διά
1091 1819 1193 1899 μικρά
1211 1821 1420 1896 συμπίπτειν

117 1931 142 1975 ιε
163 1925 219 1980 καί
241 1920 486 2004 θορυβεῖσθαι,
509 1920 668 1999 καθάπερ
692 1918 727 1978 ἐν
748 1914 904 1998 θαλάττῃ
929 1920 1130 1996 πνευμάτων
1146 1919 1306 1979 ἐναντίων
1329 1921 1419 1997 ἰσχυ-

165 2023 279 2082 όντων.
325 2023 403 2082 έπεί
424 2041 479 2081 τοι
504 2016 588 2105 μηδὲ
611 2021 670 2103 τῆν
699 2015 822 2103 βουλὴν
851 2009 953 2104 αύτῆν
981 2008 1118 2099 ἡγεῖσθ’
1152 2019 1306 2096 όμονοεῖν
1334 2002 1471 2103 μηδ’20

164 2112 248 2200 ύμάς
270 2125 328 2183 τόν
352 2119 466 2206 δῆμον.
513 2124 543 2182 εἰ
565 2128 642 2202 γοῦν
665 2141 717 2194 τις
740 2116 873 2195 ἐπεξίοι
895 2122 1042 2194 πάντας,
1073 2116 1169 2180 δοκεῖ
1190 2141 1250 2199 μοι
1272 2110 1352 2205 μηδ’
1379 2114 1419 2182 δν

165 2221 224 2284 δύο
248 2222 373 2306 ἀνδρας
396 2225 503 2306 εὑρεῖν
526 2225 560 2283 ἑν
583 2230 624 2305 τῇ
648 2219 748 2282 πόλει
770 2223 808 2282 τό
833 2212 913 2281 αύτό
939 2228 1163 2305 φρονοῦντας,
1194 2214 1269 2282 ἀλλ’
1304 2224 1418 2306 ῶσπερ

163 2327 236 2387 ἔνια
259 2333 325 2386 τῶν
349 2327 496 2384 ἀνιάτων
519 2325 575 2384 καί
595 2320 754 2401 χαλεπῶν
778 2325 987 2406 νοσημάτων,
1012 2315 1097 2384 ἀδι’
1124 2320 1210 2385 όλων
1227 2323 1352 2386 εἴωθεν
1368 2326 1419 2408 έρ-

116 2436 140 2486 20
160 2429 289 2506 χεσθαι
304 2433 371 2486 τῶν
389 2428 553 2504 σωμάτων
569 2427 625 2487 καί
642 2415 738 2485 οὐδέν
754 2426 828 2486 ἐστι
842 2428 944 2506 μέρος
961 2426 1010 2498 εἰς
1032 2424 1051 2485 δ
1066 2427 1110 2510 μη
1127 2428 1287 2501 κάτεισιν,
1313 2427 1419 2500 οὕτως

163 2533 182 2611 ῆ
208 2530 371 2610 τραχύτης
395 2529 475 2610 αύτη
499 2529 555 2588 καί
577 2529 615 2588 τό
638 2534 759 2610 μικρού
787 2523 856 2587 δεῖν
887 2528 1041 2600 ἅπαντας
1070 2523 1221 2610 ἀλλήλων
1249 2528 1418 2611 άπεστρά-
1525 2542 1531 2552 ·

166 2629 260 2711 φθαι
283 2626 527 2713 διαπεφοίτηκε
550 2637 609 2714 τῆς
633 2626 774 2702 πόλεως.
871 2629 924 2687 ἴνα
948 2628 1009 2709 γάρ
1033 2631 1092 2711 τῆν
1114 2624 1237 2712 βουλην
1261 2629 1339 2710 ἀφῶ
1362 2631 1466 2693 καί21

163 2731 222 2790 τόν
246 2727 350 2814 δῆμον
372 2732 451 2804 τούς
473 2751 508 2791 τε
532 2735 627 2804 νέους
648 2732 705 2791 καί
727 2732 806 2802 τούς
828 2733 996 2810 γέροντας,
1020 2729 1093 2788 ἐστί
1109 2724 1246 2810 πλῆθος
1270 2720 1327 2788 οὐκ
1350 2726 1417 2790 ἀλί-

162 2849 220 2911 γον
245 2832 360 2914 ὥσπερ
384 2828 514 2906 ἔξωθεν
536 2841 595 2915 τῆς
619 2827 811 2903 πολιτείας·
841 2831 981 2902 τούτους
1005 2826 1040 2889 δὲ
1069 2830 1237 2890 εἰώθασιν
1261 2831 1346 2891 ἔνιοι
1370 2828 1417 2891 λι-

116 2935 320 3016 ῶνουργούς
341 2930 470 2993 καλεῖν·
500 2934 556 2992 καί
586 2933 670 2991 ποτε
693 2933 753 3010 μὲν
776 2931 979 3014 βαρύνονται
999 2932 1057 2992 καί
1080 2947 1186 3016 φασιν
1210 2927 1306 3009 όχλον
1330 2931 1418 2994 εἶναι

161 3037 326 3117 περισσόν
348 3036 403 3095 καί
426 3041 487 3094 τού
503 3033 655 3116 θορύβου
677 3035 734 3094 καὶ
755 3040 814 3116 τῆς
830 3029 971 3108 ἀταξίας
987 3031 1107 3109 αἴτιον,
1130 3029 1234 3094 πάλιν
1258 3031 1293 3094 δὲ
1315 3039 1418 3119 μέρος

160 3139 319 3219 ῆγυῦνται
347 3144 407 3220 τῆς
436 3132 570 3210 πόλεως
597 3137 653 3197 καί
681 3131 811 3195 πολλοῦ
843 3131 1005 3209 ἀξιοῦσιν.
1058 3137 1115 3208 ούς
1148 3137 1179 3196 εἰ
1207 3137 1267 3214 μὲν
1297 3135 1417 3198 οἴεσθε

161 3234 326 3316 βλάπτειν
348 3229 433 3316 ὑμᾶς
455 3239 511 3298 καί
535 3240 686 3309 στάσεως
709 3238 822 3317 ἀρχειν
844 3237 900 3295 καί
922 3243 1077 3319 ταραχῆς,
1104 3233 1191 3310 ὅλως
1213 3239 1310 3322 ἐχρῆν
1333 3240 1416 3300 ἀπε-

165 3335 267 3400 λάσαι
295 3341 351 3401 καί
374 3341 417 3423 μῆ
450 3335 710 3422 παραδέχεσθαι
739 3341 815 3409 ταῖς
841 3333 1046 3419 ἐκκλησίαις·
1078 3338 1108 3397 εἰ
1131 3335 1166 3398 δὲ
1190 3342 1317 3422 τρόπον
1340 3341 1415 3401 τινά

115 3446 139 3496 10
161 3436 306 3514 πολίτας
328 3439 417 3502 εἶναι
439 3439 486 3522 τῷ
509 3443 553 3526 μῆ
571 3442 673 3519 μόνον
690 3439 803 3514 οἰκεῖν,
827 3433 912 3497 ἀλλά
927 3438 983 3498 καί
997 3442 1168 3518 γεγονέναι
1183 3442 1261 3514 τούς
1277 3439 1416 3515 πλείους

165 3563 593 3573 -ιψη--,-.-.--.-..-...-........
609 3568 618 3571 -
636 3568 660 3572 ..
1132 3566 1136 3570 -
1158 3567 1190 3571 ----
1221 3568 1224 3571 .
1243 3567 1417 3575 ...—..——.-

249 3625 262 3675 1
282 3618 444 3695 ἀπῳόυύσιυ
461 3621 487 3676 U
505 3615 703 3677 ἀπωδούσινΤ
722 3612 920 3675 άπάόουσινΒ
973 3621 988 3670 2
1006 3621 1127 3672 διελθεῖν
1139 3617 1164 3672 U
1176 3623 1221 3680 (m.
1240 3625 1291 3687 pr.)
1309 3621 1364 3675 ΒΜ

160 3705 271 3775 γίνεται
282 3705 353 3771 libri,
367 3721 437 3760 corr.
447 3706 591 3775 Empsrius
643 3705 841 3778 3προωχῆςΤ
893 3707 908 3756 5
921 3696 1310 3777 μικράΒμικρὰςΠμικράς
1319 3705 1372 3758 ΜΤ

161 3793 176 3840 i
197 3781 230 3844 ού
248 3783 328 3862 παρὰ
345 3787 448 3860 μόνοις
466 3789 643 3845 casaubonus
661 3787 939 3860 συνταραττομένοις
956 3787 1036 3843 UTM
1059 3789 1325 3860 συμπραττομένοις
1342 3791 1364 3842 Β
1388 3799 1393 3808 “

163 3877 193 3928 10
206 3869 299 3944 φόνου
311 3874 383 3936 libri,
395 3892 465 3930 corr.
479 3875 579 3931 Reiske
633 3880 662 3930 11
676 3875 850 3946 φιλονεικίας
862 3872 925 3926 libri
975 3876 1018 3928 τῶ
1029 3888 1079 3942 pro
1091 3875 1144 3928 τοῦ
1156 3871 1179 3924 Τ
1232 3870 1362 3942 αύζεινΤ

159 3961 209 4014 καί
220 3960 319 4014 seclusi
373 3965 404 4014 12
416 3952 559 4025 ἐάσαντας
570 3959 639 4024 libri,
659 3976 727 4014 corr.
741 3960 805 4014 Wil.
819 3951 889 4015 ποτ’
901 3957 932 4010 Μ
984 3961 1016 4011 13
1033 3951 1123 4014 ταύτά
1138 3957 1159 4009 Β
1172 3961 1261 4014 ταῦτα
1280 3961 1363 4013 ceteri

162 4047 195 4096 14
207 4040 312 4115 σμικρὰ
324 4046 347 4099 Β
403 4049 432 4098 15
445 4043 583 4110 ἐναντίως
593 4043 664 4110 libri,
677 4059 746 4098 corr.
759 4044 860 4098 Reislre
915 4046 945 4096 16
962 4034 1108 4113 (ἀνάγκη)
1119 4036 1251 4114 ἡγεῖσθαι
1263 4043 1363 4098 Reisks

163 4132 194 4183 18
213 4126 305 4202 εὑρεῖν
317 4130 445 4196 Cobetus,
463 4125 538 4200 ἔχειν
549 4128 611 4183 libri
670 4131 702 4182 20
722 4122 850 4186 ούθὲνΜ
914 4131 945 4181 21
965 4122 1104 4196 μικρὸνΤ
1168 4131 1201 4180 22
1219 4127 1414 4198 ύιαπέφυκεΜ

161 4214 232 4280 quod
243 4230 336 4270 verum
347 4218 427 4284 putat
438 4213 501 4268 Wil.
567 4215 599 4266 23
617 4208 684 4277 τούς
702 4232 732 4268 τε
744 4213 851 4282 scripsi,
870 4231 902 4268 τε
913 4204 981 4276 τοὺς
992 4209 1054 4264 libri
1120 4214 1153 4264 24
1165 4208 1332 4285 λινουργοὺς
1343 4213 1413 4281 libri,

158 4295 330 4371 λιμυυργοὺς
341 4301 411 4354 Mor.
424 4293 612 4369 λιμνυυργούς
624 4297 826 4366 Wesselingius‚
843 4297 947 4351 frustra
958 4299 1072 4364 uterque
1118 4299 1150 4348 26
1164 4292 1251 4353 πάλιν
1263 4296 1336 4364 Wil.‚
1354 4302 1414 4356 πᾶν

157 4382 188 4436 Μ
198 4384 271 4442 ποτὲ
280 4385 354 4440 UBT
366 4388 558 4448 (correctursm
568 4383 603 4438 sd
612 4383 629 4438 l.
641 4386 672 4436 21
685 4382 827 4438 aberrasse
837 4381 904 4436 vidit
913 4380 987 4444 wil.)
1040 4382 1072 4433 27
1086 4384 1196 4438 πολλοῦ
1205 4381 1314 4450 Reiske‚
1327 4381 1413 4444 πάλιν
1433 4384 1435 4390 ’

157 4467 221 4522 libri
291 4474 322 4524 30
341 4470 472 4533 πολιτίας
489 4468 519 4522 Μ
537 4470 683 4534 πολιτείας
701 4469 791 4536 ceteri,
809 4481 879 4522 corr.
898 4465 1000 4520 Reiske
1068 4467 1111 4540 τῷ
1128 4465 1236 4532 Reiske‚
1255 4462 1289 4525 τὸ
1309 4466 1371 4523 libri

210 4563 295 4607 D10.1.
1175 4553 1206 4605 λλ
