3068 5160
195 316 255 376 192
665 313 789 370 DIONIS
807 311 987 368 VENATOR

192 487 292 575 ἀγέλῃ
315 492 371 554 καί
393 492 434 552 τά
457 495 601 576 ημέτερα
624 491 709 550 άττα
731 486 857 570 βοίάια,
880 489 937 549 καί
958 488 1017 548 τὸν
1038 486 1168 565 μισθόν
1193 484 1302 562 ούόείς
1326 485 1460 551 ἀπούέ-

143 590 287 661 13ἀωκε.
375 596 451 656 τότε
473 595 534 673 μέν
557 589 596 678 δὴ
620 588 657 668 ἐξ
680 592 823 676 ἀνάγκης
845 590 950 650 αὐτοῦ
969 590 1225 668 κατεμείναμεν,
1250 587 1358 675 ούπερ
1384 592 1460 652 έτύ-

189 714 292 775 χομεν
320 696 381 770 τάς
408 695 490 776 βοῦς
518 695 649 773 ἔχοντες
674 695 732 755 καί
753 714 848 767 τινας
872 693 994 777 σκηνάς
1018 695 1247 774 πεποιημένοι
1267 694 1325 754 καὶ
1349 689 1459 778 αύλην

193 793 249 858 ἀιά
273 794 379 873 ξύλων
404 797 441 858 ού
464 793 610 882 μεγάλην
635 793 711 857 ούάὲ
734 797 872 880 ἰσχυράν
879 845 888 873 ,
918 797 1055 874 μόσχων
1079 796 1195 874 ἕνεκεν,
1220 795 1266 868 ὡς
1288 795 1330 855 ἀν
1355 793 1459 874 οἶμαι

193 901 280 983 πρὸς
309 900 390 961 αύτό
414 919 481 961 που
503 901 542 960 τὸ
565 900 680 983 θέρος.
726 907 788 961 τού
807 899 868 978 μέν
890 898 952 981 γάρ
974 905 1140 978 χειμῶνος
1163 900 1198 958 έν
1220 901 1293 970 τοῖς
1316 893 1459 972 πεδίοις
1483 909 1497 955 υ

192 1001 361 1081 ένέμομεν,
385 1004 489 1088 νομην
513 1003 627 1086 ίκανην
650 999 782 1078 ἔχοντες
803 1003 860 1064 καί
882 997 990 1062 πολύν
1010 997 1106 1080 χιλόν
1129 999 1372 1077 ἀποκείμενον·
1396 1007 1460 1061 τοῦ

193 1099 229 1163 δέ
251 1103 377 1187 θέρους
401 1102 639 1189 ἀπηλαύνομεν
662 1103 712 1176 είς
733 1102 775 1162 τά
791 1103 860 1187 όρη.
897 1099 1047 1181 μάλιστα
1064 1091 1097 1162 δ’
1116 1103 1151 1163 έν
1167 1103 1274 1182 τούτῳ
1290 1098 1338 1183 τῷ
1355 1103 1457 1184 τόπῳ

143 1206 351 1285 14σταθμὸν
387 1208 584 1268 ἐποιοῦντο·
618 1209 657 1268 τό
693 1225 729 1267 τε
763 1205 826 1288 γάρ
853 1205 979 1288 χωρίον
1008 1205 1200 1289 ἀπόρρυτον
1229 1204 1458 1299 ἑκατέρωθεν,

195 1305 329 1391 φάραγξ
356 1310 485 1391 βαθεῖα
511 1310 567 1370 καί
597 1310 752 1385 σύσκιος,
781 1309 838 1369 καί
867 1304 923 1368 ἀιά
949 1311 1055 1387 μέσου
1079 1306 1235 1385 ποταμὸς
1259 1306 1295 1366 ού
1319 1309 1457 1391 τραχύς,

194 1398 269 1470 ἀλλ’
295 1411 342 1485 ὡς
364 1408 491 1494 ῥᾷστος
513 1411 657 1497 ἐμβῆναι
677 1411 734 1472 καί
755 1410 855 1490 βουσί
875 1409 932 1471 καί
953 1411 1105 1488 μόσχοις,
1128 1409 1167 1469 τό
1191 1404 1227 1469 ἀὲ
1249 1404 1340 1493 ύάωρ
1366 1405 1459 1470 πολύ
1483 1418 1510 1469 10

193 1512 249 1572 καί
273 1513 445 1597 καθαρόν,
477 1515 535 1574 ἀτε
557 1521 617 1598 της
640 1520 749 1597 πηγῆς
770 1514 865 1593 ἐγγύς
888 1507 1131 1596 ἀναάιάούσης,
1159 1511 1216 1573 καί
1238 1517 1372 1590 πνεῦμα
1397 1520 1460 1574 τοῦ

195 1612 320 1696 θέρους
343 1615 396 1676 ἀεί
419 1612 580 1677 διαπνέον
604 1612 661 1676 διὰ
684 1623 743 1700 τῆς
767 1616 956 1698 φάραγγος·
981 1614 1017 1675 οἵ
1035 1634 1073 1675 τε
1087 1613 1318 1697 περικείμενοι
1333 1609 1458 1694 δρυμοί

193 1710 338 1793 μαλακοί
359 1719 416 1779 καί
436 1719 649 1801 κατάρρυτοι,
672 1718 792 1800 ἣκιστα
815 1717 876 1794 μέν
900 1713 1035 1800 οἶστρον
1058 1719 1249 1801 τρέφοντες,
1273 1716 1396 1799 ἥκιστα
1421 1713 1458 1778 ἀὲ

144 1812 297 1901 15άλλην
322 1819 398 1879 τινά
420 1816 549 1904 βλάβην
571 1820 680 1901 βουσί.
726 1814 857 1880 πολλοὶ.
873 1814 908 1878 ἀὲ
930 1819 986 1878 καί
1009 1813 1178 1898 πάγκαλοι
1201 1813 1362 1896 λειμῶνες
1386 1820 1457 1880 ύπό

193 1915 341 2004 ὑψηλοῖς
373 1941 409 1983 τε
443 1923 500 1984 καί
533 1922 668 2005 ἀραιοῖς
698 1917 869 1999 δένδρεσιν
898 1921 1084 1999 ἀνειμένοι,
1118 1920 1175 1981 καί
1204 1921 1316 1981 πάντα
1346 1921 1458 1998 μεστά
1484 1932 1510 1979 15

193 2021 338 2108 βοτάνης
360 2020 529 2098 εὐθαλοῦς
552 2013 599 2091 δι’
625 2020 704 2087 όλου
727 2030 790 2084 τού
803 2023 938 2106 θέρους,
963 2022 1049 2083 ὥστε
1064 2023 1108 2106 μη
1128 2017 1235 2083 πολύν
1251 2017 1457 2084 πλανᾶσθαι

193 2126 310 2187 τόπον.
357 2124 403 2187 ὧν
433 2123 471 2212 ἀη
501 2129 595 2188 ἕνεκα
623 2127 782 2211 συνήθως
811 2125 884 2186 ἐκεῖ
905 2124 1121 2186 καθίστασαν
1148 2125 1209 2208 την
1231 2120 1369 2208 ἀγέλην·
1400 2127 1458 2187 καί
1492 2177 1495 2183 .

193 2228 269 2288 τότε
293 2227 428 2306 ἔμειναν
451 2228 486 2290 ἐν
502 2233 578 2303 ταῖς
595 2232 741 2312 σκηναῖς,
765 2231 862 2310 μέχρι
877 2227 917 2289 ἀν
934 2228 1058 2311 εὕρωσι
1072 2227 1203 2306 μισθόν
1218 2245 1294 2287 τινα
1309 2226 1330 2311 τ’)
1347 2227 1457 2312 έργον,

195 2329 252 2388 καί
282 2324 514 2413 διετράφησαν
536 2331 607 2391 ἀπὸ
627 2331 753 2413 χωρίου
777 2337 899 2414 μικροῦ
920 2325 1109 2405 παντελῶς,
1140 2327 1298 2406 όέτυχον
1320 2329 1457 2414 εἰργασ-

145 2433 291 2508 16μένοι
319 2426 466 2515 πλησίον
494 2438 557 2492 τού
582 2432 749 2511 σταθμοῖ.
795 2433 894 2492 τούτό
916 2451 952 2491 τε
976 2432 1158 2516 ἐπήρκεσεν
1181 2429 1297 2504 αύτοῖς
1321 2431 1456 2508 ίκανῶς,
1481 2442 1509 2492 20

195 2532 253 2592 άτε
275 2534 405 2616 κόπρου
429 2529 559 2618 πολλῇς
581 2535 730 2618 ένούσης.
817 2534 874 2594 καὶ
898 2529 1019 2618 σχολην
1041 2535 1179 2614 ἀγοντες
1194 2532 1264 2593 ἀπὸ
1280 2537 1348 2594 τῶν
1362 2533 1458 2614 βοῶν

195 2634 282 2718 πρὸς
304 2635 418 2720 θήραν
440 2637 647 2721 ἐτράπησαν,
671 2639 709 2698 τὸ
732 2637 793 2716 μέν
817 2635 923 2711 αύτοί,
945 2635 985 2695 τὸ
1009 2631 1045 2695 δὲ
1067 2635 1124 2696 καί
1142 2635 1226 2715 μετά
1241 2640 1354 2698 κυνῶν.
1391 2625 1456 2696 ἀύο

194 2735 256 2821 γάρ
283 2744 350 2799 τῶν
373 2741 550 2818 ἑπομένων
572 2743 648 2813 ταῖς
670 2739 805 2820 βουσίν,
836 2738 883 2811 ὡς
906 2733 944 2822 ἀη
969 2736 1098 2820 μακράν
1122 2733 1206 2822 ἦσαν
1230 2737 1286 2817 ούχ
1306 2737 1455 2820 όρῶντες
1504 2730 1512 2807 λ

195 2840 274 2912 τούς
296 2845 420 2919 νομεῖς,
444 2842 663 2925 ὑπέστρεψαν
686 2842 746 2902 έπί
767 2841 826 2902 τόν
848 2843 955 2903 τόπον
977 2837 1223 2914 καταλιπόντες
1245 2839 1303 2924 την
1320 2833 1453 2922 ἀγέλην.
1506 2846 1511 2911 ,²

196 2937 292 3001 ούτοι
311 2942 351 3002 τά
373 2942 434 3020 μὲν
458 2948 594 3026 πρῶτον
619 2938 890 3026 συνηκολούθουν
913 2943 1044 3020 αὐτοῖς,
1073 2943 1188 3026 ὥσπερ
1212 2930 1270 3003 ἐπ’
1296 2935 1378 3001 ἀλλο
1400 2954 1454 3001 τι·
1481 2918 1531 3006 1ύ1

194 3042 250 3102 καί
271 3044 351 3116 τούς
372 3045 434 3121 μέν
458 3039 575 3118 λύκους
590 3045 694 3105 ὁπότε
712 3040 827 3121 ίάοιεν,
851 3041 991 3107 έύίωκον
1013 3049 1111 3131 μέχρι
1132 3047 1234 3121 τινός,
1259 3049 1348 3106 συῶν
1372 3037 1409 3104 ἀὲ
1433 3042 1454 3127 ἢ
1514 3030 1518 3043 ²

146 3148 185 3208 17
196 3137 332 3226 ἐλάφων
357 3140 452 3206 ούάὲν
466 3145 581 3220 αὐτοῖς
597 3142 721 3224 ἔμελεν.
759 3146 791 3207 εί
807 3143 845 3208 δέ
859 3165 944 3208 ποτε
960 3143 1066 3209 ίάοιεν
1081 3153 1148 3209 τῶν
1164 3146 1361 3230 ἀνθρώπων
1375 3164 1456 3206 τινα

196 3243 262 3325 ὀφέ
284 3245 341 3306 καί
363 3244 456 3329 πρῴ,
482 3251 719 3328 συνιστάμενοι
740 3245 902 3311 ύλάκτουν
924 3270 959 3311 τε
981 3251 1037 3312 καί
1059 3249 1193 3333 ἤμυνον,
1218 3247 1333 3332 ὥσπερ
1357 3247 1399 3310 ἀν
1423 3249 1459 3309 εί

195 3347 283 3429 πρὸς
311 3348 500 3433 ἀνθρωπον
528 3353 702 3430 ἐμάχοντο.
747 3355 922 3433 γευόμενοι
951 3348 986 3412 ἀὲ
1016 3358 1078 3413 τού
1106 3350 1249 3429 αίματος
1276 3351 1333 3412 καί
1364 3355 1456 3410 συῶν

282 3637 295 3688 1
313 3626 437 3705 ἡμέτερα
456 3631 490 3693 τά
508 3636 605 3710 βοίδια
624 3637 645 3691 Ρ
733 3637 881 3696 απέύωκεν
898 3635 955 3693 UM
973 3631 1105 3696 ἀπέδωκε
1121 3636 1158 3704 Β,
1176 3651 1242 3705 mrg.
1260 3637 1295 3694 U.
1314 3657 1360 3710 γρ.
1377 3630 1456 3696 ἀπο-

194 3717 298 3775 όὲύωκε
367 3717 490 3792 ἀχηλὸν
507 3722 533 3777 U
551 3739 585 3776 m.
604 3723 696 3790 pr.,B
765 3721 942 3780 1δὲοοι.Η
1003 3723 1033 3780 δέ
1049 3721 1082 3780 έν
1098 3721 1148 3776 PH
1213 3719 1300 3780 Θεὸν
1318 3727 1457 3791 σταθμον

193 3802 243 3857 UB
313 3797 481 3878 ἀπόρρητον
498 3806 524 3860 U
541 3823 576 3861 m.
594 3824 646 3876 pr„
663 3805 820 3881 έπίῤῥυτον
838 3808 944 3862 Morell.
962 3805 1146 3883 κατάρρυτον
1163 3807 1280 3864 Oasaub.
1353 3804 1457 3864 ἑκατέ·

196 3892 292 3960 ρωθεν
310 3888 340 3946 δέ
357 3890 408 3946 UB
477 3887 632 3948 Θούσκιοο
650 3888 694 3949 διὰ
718 3896 780 3959 (om.
799 3892 893 3960 καί)Ρ
954 3896 1002 3949 καὶ
1020 3888 1064 3950 διὰ
1083 3893 1174 3963 μέσου
1191 3886 1329 3962 ποταμὸσ
1345 3891 1375 3946 in
1393 3891 1419 3946 H
1438 3907 1457 3946 a

195 3987 267 4029 man.
285 3988 340 4029 sec.
412 3979 444 4029 10
462 3971 591 4032 πολλὺΡ
663 3983 690 4032 11
712 3982 755 4035 τῶ
771 3979 799 4032 in
818 3984 870 4036 τοῦ
887 3978 1061 4033 mutatumP
1132 3984 1162 4034 13
1181 3979 1325 4052 φέροντεσ
1341 3975 1392 4030 ΡΗ
1445 3973 1452 3984 “

197 4060 229 4110 14
245 4053 308 4116 τινὰ
326 4075 378 4114 om.
398 4060 424 4114 H
494 4067 525 4118 15
544 4055 685 4135 άρεοῖοΡ
755 4062 828 4135 μετὰ
846 4063 977 4137 βοτάνηο
988 4063 1038 4118 ΡΗ
1125 4068 1156 4119 16
1174 4058 1249 4120 πολὺ
1266 4062 1297 4131 Ρ,
1315 4062 1343 4117 Η
1359 4059 1457 4120 πολύν

194 4147 224 4195 at
240 4163 257 4199 ν
274 4159 339 4200 am.
352 4159 407 4201 εστ.
462 4151 492 4202 17
511 4149 727 4207 καθίσταοαιΡ
783 4154 813 4206 18
831 4151 933 4223 μέχριο
951 4145 1032 4208 ἀνΗ
1087 4153 1116 4204 19
1134 4152 1287 4206 παντελῶσ
1304 4145 1334 4204 οἳ
1351 4157 1457 4220 τοῖχον

194 4225 378 4299 εἰργασμένοι
389 4231 447 4300 ΡΗ)
464 4232 517 4287 nisi
535 4234 607 4304 quod
619 4234 644 4288 H
657 4243 756 4306 τεῖχοσ
765 4235 794 4289 in
807 4245 908 4306 τοῖχον
919 4237 1053 4290 mutatum
1071 4249 1135 4290 am.
1148 4238 1202 4304 pr.)
1254 4239 1286 4290 20
1299 4253 1333 4306 γε
1350 4248 1402 4304 pro
1422 4253 1457 4292 τε

194 4311 407 4372 ΠΒΗεοι.υεα.
455 4314 618 4390 ἐπήρκεσαν
629 4321 679 4375 ΡΗ
725 4325 758 4376 22
770 4316 804 4378 τὸ
815 4315 956 4391 μὲν-τὰ
969 4320 999 4377 δέ
1008 4320 1079 4387 libri,
1091 4319 1234 4390 praeterH
1280 4322 1313 4374 23
1328 4309 1456 4390 ὃρόντεο

193 4394 271 4453 Um·
290 4414 331 4466 pr.
445 4409 476 4458 11
502 4408 560 4460 τῶν
576 4397 677 4463 ἀὐτῶν
699 4425 762 4463 τινα
787 4407 820 4473 Η,
844 4405 961 4474 ωες.Π
1074 4403 1188 4479 ἄρκτων
1210 4421 1260 4475 pro
1282 4397 1456 4479 ἀνθρώπων

194 4481 359 4539 Schwartzio
377 4486 405 4539 in
423 4493 538 4544 mentem
556 4491 630 4545 venit
700 4484 875 4549 18ύ1ἀκουν
894 4491 920 4543 Η
