3068 5160
201 310 263 368 242
668 306 793 364 DIONIS
810 305 1000 361 RHODIAGA

201 486 334 547 πουθεν
359 488 412 546 ότι
434 487 559 557 πάντες
582 485 616 543 οί
638 490 715 544 νοῦν
739 483 869 560 ἔχοντες
892 484 970 556 τοδς
985 479 1154 556 παλαιοὺς
1170 489 1236 543 τῶν
1253 479 1367 567 φίλων
1382 480 1473 564 μάλ-

203 585 260 648 λον
284 588 445 667 ἀγαπῶσι
466 587 522 647 καὶ
545 587 624 669 περὶ
647 581 805 657 πλείονος
826 591 1007 646 ποιοῦνται
1030 591 1096 646 τῶν
1120 575 1167 646 δι’
1194 581 1307 666 ὀλίγου
1331 589 1474 666 γεγονό-

203 713 286 767 των,
316 691 372 751 καὶ
402 690 480 762 τούς
509 707 546 769 γε
574 688 760 770 πατρικοὺς
789 684 836 766 τῴ
867 687 971 747 παντὶ
993 682 1097 747 πλέον
1119 687 1138 770 ἢ
1163 688 1242 760 τοὺς
1263 679 1325 771 ἀφ’
1355 690 1474 750 αὐτῶν

205 796 443 875 ἐγνωσμένους.
485 790 600 868 οἱμὲν
623 789 685 872 γὰρ
709 788 750 848 τά
774 789 861 870 πρδς
883 789 1023 861 τούτους
1047 790 1316 871 παραβαίνοντες
1339 792 1476 868 μόνους

205 895 327 967 αὐτούς
349 889 541 954 ἀδικοῦσιν·
575 892 608 950 οἱ
638 887 674 952 δέ
703 897 770 952 τῶν
800 892 887 973 πρός
916 892 1062 964 ἐκείνους
1091 911 1125 951 τι
1155 887 1289 964 λύοντες
1318 893 1379 953 καὶ
1404 900 1511 955 τῶνε

154 999 193 1057 77
204 1000 421 1080 κτησαμένων
438 995 560 1067 αὐτοὺς
576 990 807 1076 ὀλιγωροῦσιν.
838 989 989 1053 καθόλου
1007 989 1054 1069 δέ,
1072 993 1187 1077 ὥσπερ
1204 995 1283 1054 όταν
1299 1000 1370 1054 τῶν
1387 989 1475 1070 ζών-

204 1119 271 1160 των
286 1118 339 1170 τις
362 1091 558 1179 ἐξετάζηται
580 1084 664 1178 παρ’
690 1096 778 1173 ὑμῖν,
803 1087 841 1155 δν
865 1095 961 1156 αὐτοὶ
982 1097 1026 1179 μη
1045 1091 1178 1178 σφόδρα
1196 1090 1310 1155 οἴδατε
1334 1082 1357 1179 ἢ
1382 1115 1476 1158 παν-

204 1203 355 1261 τάπασιν
378 1200 538 1280 ἀγνοεῖτε,
561 1202 634 1270 τοῖς
650 1199 893 1274 ἐπισταμένοις
909 1196 1029 1269 αὐτοὺς
1045 1199 1228 1279 προσέχετε
1242 1198 1299 1258 καὶ
1314 1199 1475 1262 τίθεσθε

204 1305 263 1387 την
285 1309 406 1386 ψῆφον
427 1299 512 1360 κατὰ
536 1300 614 1371 τοὺς
636 1300 824 1381 μάρτυρας,
851 1293 962 1370 ἀλλως
984 1318 1020 1358 τε
1043 1299 1083 1359 ἀν
1107 1296 1191 1359 ὦσιν
1215 1296 1309 1360 οότοι
1330 1303 1378 1385 μὴ
1405 1320 1475 1363 πο-

205 1405 311 1488 νηροί,
334 1403 436 1463 ταύτό
452 1402 509 1462 καὶ
523 1406 580 1462 νῦν
597 1401 782 1484 ποιήσατε·
806 1401 882 1461 ἐπεὶ
896 1400 953 1460 καὶ
968 1401 1048 1482 περὶ
1063 1396 1193 1482 ἀνδρῶν
1211 1402 1230 1460 ό
1248 1396 1346 1481 λόγος
1363 1403 1475 1480 ἐστίν,
1499 1412 1524 1462 Μ

206 1506 263 1577 οὕς
287 1519 375 1587 φασι
396 1499 523 1586 μηδένα
547 1497 674 1564 εἰδέναι
695 1507 762 1562 τῶν
791 1496 940 1576 ζώντων·
971 1501 1065 1584 παρὰ
1095 1508 1161 1562 τῶν
1190 1504 1386 1583 ἐγνωκότων
1413 1505 1474 1566 αό-

204 1610 283 1681 τοάς
298 1607 438 1686 μάθετε.
478 1606 512 1665 οἱ
525 1605 638 1665 τοίνυν
653 1605 729 1664 τότε
753 1603 844 1677 όντες
865 1604 923 1664 καὶ
946 1607 1144 1688 σαφέστατα
1167 1605 1313 1677 ἐκείνους
1336 1602 1475 1682 εἰδότες

205 1700 378 1793 εὐεργέτας
400 1712 540 1791 ηγοόντο
570 1714 630 1790 της
652 1701 786 1779 πόλεως
813 1707 870 1767 καὶ
897 1712 964 1766 τῶν
990 1707 1157 1786 μεγίστων
1178 1703 1303 1790 ἠξίουν.
1351 1707 1407 1781 οἷς
1434 1700 1475 1770 οὗ

204 1812 349 1889 θεμιτόν
371 1808 458 1889 ὑμᾶς
481 1809 650 1883 ἀπιστεῖν,
672 1808 848 1890 ὑμετέροις
869 1826 905 1888 γε
929 1808 1006 1868 οόσι
1029 1811 1228 1892 προγόνοις,
1253 1799 1329 1868 οὐδὲ
1357 1817 1475 1893 φῆσαι

155 1913 194 1976 78
206 1913 386 1996 πονηρούς.
476 1900 514 1972 οὗ
536 1911 649 1971 τοίνυν
673 1899 750 1970 οδδέ
773 1915 928 1970 τοιοῦτον
952 1901 1049 1970 οὐδέν
1065 1911 1157 1970 ἔστιν
1173 1911 1294 1985 εἰπεῖν,
1318 1911 1367 1983 ὡς
1382 1913 1475 1973 κατὰ
1497 1922 1521 1972 15

205 2011 312 2075 πολάν
338 2016 459 2097 χρόνον
488 2014 649 2097 ἐσχήκασι
678 2012 739 2085 τὰς
767 2013 885 2091 τιμάς·
916 2003 955 2072 οὗ
983 2013 1045 2095 γάρ
1077 2004 1157 2072 ἔσθ)
1190 2014 1285 2085 όπως
1314 2008 1474 2088 δείξουσι

206 2113 347 2177 πλείονα
370 2117 517 2188 ἐκείνους
536 2117 657 2198 χρόνον
679 2118 889 2193 τιμωμένους
912 2116 979 2176 ὑπό
1002 2122 1062 2198 τῆς
1078 2110 1211 2187 πόλεως
1232 2102 1253 2197 ἢ
1278 2116 1338 2199 την
1363 2113 1474 2178 πόλιν

132 2202 140 2210 ’
204 2207 265 2277 ὑπ’
293 2209 402 2278 αὐτῶν
427 2216 465 2278 εὖ
486 2216 715 2277 πεπονθυῖαν.
763 2216 878 2300 ὥσπερ
911 2216 968 2277 οὖν
992 2218 1129 2300 όχρέος
1152 2212 1262 2277 πάλαι
1283 2218 1344 2295 μὲν
1371 2220 1474 2303 όφεί-

206 2315 282 2395 λων,
307 2315 416 2379 πάλαι
439 2314 474 2379 δέ
498 2314 660 2393 ἀποδούς,
685 2308 789 2378 οὐθὲν
812 2313 916 2378 πλέον
939 2339 973 2379 τι
996 2320 1164 2403 πεποίηκε
1179 2326 1241 2380 τοῦ
1261 2325 1317 2379 νῖν
1341 2317 1473 2382 ἀποδι-

206 2417 325 2494 δόντος
359 2423 423 2496 ό,τι
452 2416 605 2503 εἴληφεν,
635 2420 761 2498 ὁμοίως
791 2408 865 2479 οἷδ’
898 2417 933 2482 εἴ
959 2440 1011 2492 τις
1034 2422 1123 2481 πάνυ
1147 2421 1215 2504 πρό
1239 2416 1372 2480 πολλοῦ
1393 2442 1474 2484 τινα
1497 2433 1533 2483 2οκ

157 2524 196 2586 79
207 2525 379 2608 ἠμείψατο
403 2518 480 2582 τότε
504 2520 541 2581 εὖ
562 2521 699 2582 παθών.
745 2517 856 2593 ἄλλως
879 2541 914 2581 τε
937 2521 968 2581 εἰ
996 2522 1057 2600 μέν
1088 2518 1242 2584 ἀτέλειαν
1268 2510 1472 2607 ἢχρήματα

205 2614 307 2710 η’γην
329 2612 350 2708 ἢ
372 2620 528 2685 τοιοῦτόν
551 2643 585 2684 τι
609 2619 794 2695 δεδωκότες
823 2623 1034 2707 ἀφῃρεῖσθε,
1063 2619 1192 2701 μᾶλλον
1222 2625 1262 2686 ἀν
1287 2623 1371 2699 ἴσως
1394 2624 1471 2709 ηδι-

205 2735 323 2789 κοῦντο
350 2729 384 2787 οἱ
405 2727 490 2805 μετά
514 2733 618 2786 ταῦτα
642 2721 839 2808 εἰληφότες·
864 2726 883 2784 δ
904 2725 966 2808 γάρ
988 2722 1110 2809 χρόνον
1133 2727 1209 2788 τινά
1224 2728 1399 2806 κατασχὼν
1422 2730 1470 2787 τά

206 2837 347 2891 τοιαῦτα
371 2825 547 2912 ὠφέληταί
568 2848 602 2888 τι
623 2827 680 2887 καὶ
695 2823 920 2910 προείληφεν·
943 2829 1003 2889 ἐπὶ
1022 2825 1058 2890 δὲ
1081 2836 1141 2912 της
1156 2837 1256 2913 τιμῆς
1273 2819 1367 2890 οὐδέν
1390 2829 1471 2890 ἐστι

207 2938 370 2992 τοιοῦτον.
417 2931 451 2989 οἱ
479 2931 540 3008 μὲν
569 2929 748 3011 γάρείσιν
778 2921 1008 3013 εὐπορώτεροι
1036 2932 1093 2992 καὶ
1120 2932 1178 2992 τόν
1208 2927 1309 2992 ἀλλον
1329 2922 1471 3014 χρόνον·
1496 2943 1522 2992 25

208 3035 229 3092 ἀ
257 3033 319 3115 γὰρ
346 3031 528 3114 ἐκτήσαντο
552 3031 621 3091 ἀπό
644 3032 772 3092 τούτων
796 3031 945 3109 ἔχουσιν·
974 3036 1047 3105 τοῖς
1071 3030 1106 3094 δέ
1130 3024 1325 3095 τούναντίον
1349 3033 1471 3112 ἀτιμο-

206 3138 318 3217 τέροις
346 3134 491 3215 ἀπάρχει
519 3136 699 3213 γεγονέναι.
744 3136 832 3194 όπου
860 3135 922 3213 μέν
950 3134 1012 3218 γὰρ
1043 3131 1190 3196 ἐλάττων
1220 3140 1239 3219 η
1270 3130 1370 3218 ζημία
1395 3141 1472 3210 τοῖς

208 3231 315 3295 πολδν
335 3230 457 3316 χρόνον
478 3238 772 3317 καρπωσαμένοις,
796 3237 883 3297 ὅπου
908 3233 943 3297 δὲ
966 3241 985 3317 η
1010 3237 1129 3316 ἀτιμία
1151 3232 1274 3316 μείζων
1290 3241 1363 3309 τοῖς
1381 3235 1471 3320 σφό-

210 3333 272 3420 δρα
296 3333 448 3409 παλαιᾶς
470 3344 570 3420 τιμῆς
593 3337 869 3421 ἀφαιρουμένοις.

294 3643 306 3692 1
327 3628 423 3694 δτι-
446 3632 566 3709 ἴχοντεσ
588 3654 640 3693 om.
659 3637 690 3692 M
714 3636 742 3694 οἳ
763 3643 814 3695 νῦν
835 3633 984 3709 ἴχοντεςν
1087 3639 1101 3687 2
1120 3627 1253 3704 ἀγαπῶσι
1271 3632 1295 3686 Ε
1314 3624 1471 3702 ἀγαπῶσιν

208 3722 291 3776 ceteri
362 3719 611 3794 4έγνωμὲνονστ
672 3716 948 3795 ὃδλιγωροῦσιΕν
1009 3712 1078 3775 ῖδν
1095 3713 1214 3776 οἴνΒΜν
1270 3713 1308 3788 μὴ
1326 3732 1414 3772 om.v
1457 3790 1469 3799 .

208 3808 439 3864 ἐτίθεσθαιΜν
529 3799 725 3866 9ἀλλ’ὧ’στε
747 3802 818 3863 ἀντ
903 3809 934 3858 10
957 3806 1006 3859 καί
1028 3807 1092 3858 ante
1109 3807 1159 3860 νῦν
1182 3819 1234 3858 om.
1259 3803 1293 3858 Jv
1380 3808 1412 3857 15
1433 3802 1470 3862 οὑ

207 3943 336 3999 τοίννντ
422 3943 466 4001 υίσ
484 3961 536 4001 om.
554 3944 600 3998 Mv
688 3947 718 3996 16
737 3935 810 3998 πολὺ
828 3941 858 3994 Μ
944 3905 1098 4007 δείξδῖδιΕ
1186 3946 1215 3995 17
1235 3938 1348 3997 ἐκείνου
1364 3940 1398 3994 Jv

209 4032 238 4082 18
259 4022 370 4099 ἀφίλων
388 4029 417 4082 Μ
506 4034 537 4085 19
555 4029 696 4099 πεποίηκε
714 4026 739 4081 Ε
759 4027 917 4097 πεποίηκεν
936 4027 1018 4081 ceteri
1105 4029 1137 4080 20
1156 4017 1210 4092 δπι
1228 4023 1341 4099 εἴληφεν
1359 4026 1468 4094 scripsi,

207 4105 257 4169 δτε
275 4110 388 4184 εἴληφεν
406 4113 468 4168 libri
554 4118 584 4167 21
606 4112 634 4170 οἳ
658 4127 707 4182 pro
732 4111 759 4168 εἴ
775 4111 821 4165 Μν
895 4116 927 4166 22
946 4105 1118 4194 ἀφαιρεῖσθε
1137 4113 1186 4168 ΒΕ
1205 4106 1392 4184 ἀφαιρεῖσθαι
1410 4111 1468 4175 Mv,

207 4214 277 4252 corr.
297 4198 475 4253 casaubonus
578 4214 626 4267 pro
649 4201 761 4267 μᾶλλον
783 4196 956 4250 scribendum
979 4197 1068 4267 ἦττον
1092 4202 1120 4252 et
1141 4213 1204 4252 mox
1223 4196 1250 4252 οἱ
1268 4193 1356 4252 πάλαι
1374 4199 1467 4251 ταῦτα

207 4281 354 4337 ostendunt
371 4283 453 4337 verba
472 4281 564 4352 οἱμὲν
581 4278 637 4357 γὰρ
655 4298 696 4351 sq.
708 4283 725 4336 l.
739 4286 773 4335 24
842 4285 875 4334 24
893 4273 1039 4353 ἀφέληταί
1057 4302 1084 4338 τι
1101 4298 1117 4336 v
1135 4275 1281 4350 ω’φελῆταί
1298 4302 1325 4336 τι
1342 4281 1372 4334 Μ
1390 4273 1467 4349 αἴφε·

206 4369 298 4422 λεῖταί
316 4389 342 4423 τι
361 4368 409 4421 ΒΕ
479 4369 672 4440 προσείληφεν
684 4367 732 4421 ΒΕ
809 4369 842 4420 26
863 4361 1001 4438 ἴχονσιΕ
1072 4369 1102 4420 27
1123 4360 1243 4422 δλαττον
1261 4365 1309 4419 ΒΕ
1391 4365 1467 4422 28δὲ

205 4446 532 4523 ἢΒδὴΕδλγΜδὲ
550 4457 611 4516 (om.
630 4447 657 4524 ἦ)
675 4453 709 4509 Jv
777 4453 917 4521 μεῖζονΒ
