3068 5160
664 333 800 390 ORATIO
819 331 918 386 XXXI.
1354 333 1416 394 233

158 513 195 573 ἐν
220 513 332 570 άπασι
353 514 426 583 τοῖς
448 506 629 589 πολέμοις,
660 500 736 569 ἀλλ’
762 506 797 570 εἴ
815 527 900 569 ποτε
929 505 1078 586 ἐσχάτως
1106 514 1125 592 η
1158 503 1260 582 πόλις
1292 508 1418 573 ἐκινδύ-

157 630 282 675 νευσεν.

248 713 331 788 ἴσως
348 713 405 775 σόν
421 716 495 797 ἐρεῖ
505 735 557 788 τις
580 714 627 786 ὡς
651 712 688 773 οἷ
706 732 742 792 γε
765 708 962 794 ἀνδριάντες
984 721 1044 798 τῆς
1067 708 1202 786 πόλεώς
1226 714 1322 775 είσιν.
1361 716 1417 778 καὶ
1429 716 1468 775 47

161 817 224 900 γὰρ
247 821 266 900 η
289 817 382 899 χώρα
405 823 464 900 τῆς
488 811 638 890 πόλεως,
670 804 746 874 ἀλλ’
773 813 877 874 οὐθὲν
899 813 999 898 ἦττον
1022 821 1089 875 τῶν
1116 819 1322 898 κεκτημένων
1346 819 1417 878 έκα·

121 929 139 979 5
165 935 244 993 στος
266 916 381 1002 κύριός
405 920 479 978 ἐστι
501 923 568 978 τῶν
591 920 720 977 ἑαυτοῦ.
765 917 822 976 καί
842 923 938 999 κοινῇ
960 919 1021 995 μὲν
1046 917 1104 979 ἐάν
1128 914 1346 1000 πυνθάνηταί
1367 940 1420 993 τις

116 1035 147 1086 ιω
162 1023 254 1095 τίνος
266 1023 356 1082 ἐστὶν
375 1025 393 1106 η
412 1028 513 1106 νησος
528 1020 547 1104 ἢ
564 1020 656 1091 τίνος
671 1021 690 1102 η
704 1018 827 1102 Καρία,
846 1019 995 1102 φήσουσι
1008 1009 1152 1080 Ῥοδίων.
1187 1017 1245 1079 ἐὰν
1262 1014 1297 1078 δὲ
1310 1015 1421 1093 ἀλλως

161 1122 300 1207 ἐρωτᾷς,
324 1124 417 1184 τουτί
441 1124 479 1183 τό
500 1121 625 1204 χωρίον
643 1120 663 1203 ἢ
680 1111 813 1199 <τόνδε>
828 1121 885 1180 τόν
909 1121 1020 1202 ἀγρόν,
1045 1116 1145 1205 δῆλον
1160 1123 1214 1182 ότι
1229 1122 1338 1204 πεόση
1361 1128 1423 1181 τοῦ

163 1223 331 1287 δεσπότου
344 1227 381 1285 τό
395 1225 509 1303 ὄνομα.
526 1217 669 1305 (οὕτως)
680 1222 736 1282 καὶ
747 1221 808 1295 τὰς
817 1217 949 1294 είκόνας
961 1218 1080 1296 ἁπλῶς
1090 1224 1151 1301 μὲν
1165 1213 1419 1296 πάσαςῬοδίων

160 1327 250 1389 εἶναι
266 1324 429 1407 λέγουσιν,
453 1323 525 1407 ἰδίᾳ
541 1321 576 1385 δὲ
593 1321 734 1406 ἑκάστην
757 1330 819 1383 τοῦ
840 1318 949 1396 δεῖνος
972 1324 991 1406 ἢ
1015 1331 1077 1384 τοῦ
1091 1320 1210 1402 δεῖνος,
1235 1314 1318 1404 ᾦάν
1336 1343 1421 1385 ποτε

116 1440 138 1490 λθ
160 1410 182 1512 ᾗ
208 1425 377 1511 δεδομένη.
423 1429 535 1488 καίτοι
557 1427 598 1487 τά
621 1428 682 1505 μὲν
702 1425 810 1508 χωρία
833 1426 889 1486 καὶ
910 1424 972 1498 τὰς
995 1426 1105 1499 οἰκίας
1134 1427 1190 1487 καί
1218 1422 1323 1486 τάλλα
1345 1427 1421 1510 κτή-

161 1553 251 1610 ματα
276 1531 333 1590 οὐκ
359 1531 399 1590 ἀν
423 1525 548 1612 εἰδείης
571 1526 616 1588 ὥν
638 1529 742 1603 ἐστιν,
766 1528 797 1587 εί
813 1529 857 1611 μη
883 1523 1098 1606 πυθόμενος·
1121 1531 1140 1612 η
1167 1524 1202 1588 δὲ
1225 1528 1323 1590 εἰκὼν
1346 1530 1421 1589 ἐπι-

162 1638 358 1716 γέγραπται,
382 1633 438 1692 καί
464 1632 501 1691 οδ
523 1633 627 1710 μόνον
649 1631 688 1691 τό
713 1631 828 1709 όνομα,
852 1626 937 1690 ἀλλά
960 1633 1016 1692 καί
1033 1633 1091 1691 τόν
1111 1637 1304 1714 χαρακτῆρα
1322 1625 1423 1712 σῴζει

162 1742 223 1794 τοῦ
246 1731 416 1814 λαβόντος,
441 1726 525 1795 ὥστ’
550 1733 655 1806 εάθδς
678 1729 766 1793 εἶναι
789 1728 1030 1815 προσελθόντα
1056 1729 1183 1793 εἰδέναι
1204 1733 1296 1806 τίνος
1319 1734 1394 1794 ἐστί
1414 1780 1421 1793 .

163 1833 246 1917 λέγω
271 1833 306 1896 δέ
330 1828 389 1920 ἐφ’
416 1835 462 1896 ὧν
485 1837 536 1896 ἔτι
558 1840 652 1914 μένει
674 1831 833 1918 τάληθές.
963 1836 1020 1895 καί
1050 1835 1115 1918 μην
1138 1837 1177 1894 τό
1203 1853 1240 1915 γε
1263 1836 1297 1895 ἐν
1320 1833 1472 1917 κοινῴ48

116 1949 139 1999 [5
162 1939 304 1999 κεῖσθαι
326 1935 541 2019 γελοιότατόν
565 1939 667 2012 ἐστιν,
693 1935 799 2009 εἴτις
821 1937 887 2019 ἀρα
905 1940 1044 2019 σημεῖον
1059 1939 1191 2020 ηγεῖται
1212 1942 1275 1995 τοῦ
1287 1937 1331 2020 μη
1356 1942 1422 1997 τῶν
1528 1999 1529 2002 ,

164 2036 354 2122 εἰληφότων
379 2039 482 2111 αδτάς
504 2039 683 2120 ὑπάρχειν,
715 2033 800 2097 ἀλλὰ
823 2044 882 2121 της
906 2033 1048 2110 πόλεως.
1094 2037 1180 2097 οὕτω
1203 2036 1348 2120 μὲνγὰρ
1372 2033 1422 2112 ἐξ·

165 2145 262 2201 έσται
286 2137 391 2220 λέγειν
408 2141 465 2200 καί
480 2139 521 2198 τά
537 2141 572 2199 ἐν
595 2144 686 2220 μέσῳ
713 2147 772 2223 της
795 2139 921 2220 ἀγορᾶς
944 2139 1206 2220 πιπρασκόμενα
1229 2145 1291 2198 τοῦ
1317 2135 1422 2223 δήμου

162 2236 303 2322 <είναι>,
334 2242 391 2301 καί
412 2241 453 2300 τά
478 2237 583 2301 πλοῖα
608 2238 783 2324 δήπουθεν
808 2240 879 2317 οάχί
907 2245 973 2299 τῶν
1002 2243 1225 2323 κεκτημένων,
1256 2236 1341 2301 ἀλλά
1364 2249 1424 2326 της

167 2340 315 2419 πόλεως,
345 2343 488 2426 ἐπείπερ
515 2345 550 2404 έν
573 2348 646 2416 τοῖς
669 2339 801 2421 λιμέσιν
824 2345 968 2425 ἕστηκεν.
1122 2341 1141 2402 δ
1163 2342 1275 2404 τοίνυν
1297 2344 1424 2427 ἤκουσά

116 2457 145 2506 20
168 2463 260 2516 τινος
281 2445 367 2528 ὑπὲρ
384 2447 506 2506 τούτου
524 2441 678 2526 λέγοντος
694 2446 740 2518 ὡς
755 2446 985 2528 ἰσχυρότατον,
1010 2443 1067 2504 οὐκ
1090 2444 1130 2504 ἀν
1146 2443 1424 2531 ἀποκρυψαίμην,

168 2548 221 2606 ότι
245 2543 392 2628 δημοσίᾳ
422 2549 501 2622 τούς
529 2543 731 2631 ἀνδριάντας
754 2546 1010 2631 ἀπεγράψασθε
1039 2547 1143 2624 ὑμεῖς.
1188 2547 1222 2606 τί
1245 2545 1302 2607 οδν
1326 2551 1425 2609 τοῦτό

167 2651 278 2723 ε’στιν,·
298 2650 355 2710 καί
369 2649 431 2732 γάρ
452 2651 511 2735 την
526 2651 681 2733 ἀντικρυς
693 2651 806 2733 χώραν
821 2651 878 2711 καί
893 2649 1090 2732 Κάρπαθον
1106 2649 1229 2731 ταύτην
1245 2649 1301 2709 καί
1317 2641 1425 2732 [η’πει-

167 2744 246 2833 ρονΙ,
270 2755 387 2834 ἑτέρας
410 2753 532 2835 νήσους
555 2754 610 2814 καί
632 2748 783 2812 καθόλου
807 2748 917 2811 πολλὰ
941 2752 1033 2812 ἔστιν
1057 2752 1179 2834 εδρεῖν,
1205 2750 1225 2808 ά
1247 2757 1343 2834 κοινῇ
1365 2751 1425 2827 μὲν

168 2854 394 2934 ἀπεγράψατο
416 2857 435 2936 η
461 2850 571 2929 πόλις,
596 2851 755 2937 διῄρηται
778 2850 813 2914 δὲ
838 2855 887 2927 είς
909 2855 987 2926 τούς
1009 2852 1093 2912 κατά
1116 2856 1227 2935 μέρος.
1339 2848 1425 2926 ὅλως
1436 2854 1476 2914 49

116 2970 144 3019 25
171 2951 206 3014 δέ
232 2955 289 3013 οὐκ
313 2956 342 3014 εἰ
364 2956 408 3038 μη
433 2961 552 3015 τοῦτον
575 2957 633 3016 τόν
655 2958 784 3038 τρόπον
799 2956 1010 3039 έκαστοςτην
1028 2955 1140 3015 είκόνα
1156 2954 1224 3031 ἔχει
1239 2959 1305 3014 τῶν
1328 2973 1424 3038 τιμη-

169 3056 318 3129 θέντων,
348 3055 508 3139 καθάπερ
538 3056 578 3116 ἀν
602 3053 684 3116 όίλλο
708 3078 742 3117 τι
763 3059 988 3141 κτησάμενος,
1021 3053 1077 3117 διά
1100 3062 1199 3116 τοῦτο
1223 3055 1264 3116 ἀν
1286 3051 1426 3117 ἔλαττον

170 3147 261 3235 αάτῴ
280 3158 462 3240 προσήκειν
480 3153 610 3237 λέγοιτο
633 3159 652 3241 ἢ
676 3155 779 3241 μηδὲν
806 3154 1005 3219 ἀδικεῖσθαι
1029 3155 1191 3218 διδόντων
1214 3159 1306 3236 ὑμῶν
1322 3161 1424 3242 έτέρῳ

169 3260 228 3342 την
251 3259 387 3318 ἐκείνου.
432 3259 573 3342 μυρίους
594 3259 656 3343 γάρ
681 3261 836 3343 εὑρήσετε
855 3261 1013 3342 τρόπους,
1036 3248 1119 3321 καθ’
1149 3261 1206 3333 οὓς
1229 3262 1369 3320 ἑκάστου
1393 3261 1427 3320 τί

170 3381 281 3443 φαμεν
304 3358 408 3438 εἶναι,
438 3363 494 3423 καί
523 3359 683 3422 πλεῖστον
713 3358 956 3445 διαφέροντας,
987 3361 1058 3422 οἷον
1088 3362 1286 3445 ἱερωσύνην,
1314 3363 1425 3446 ἀρχην,

116 3479 144 3526 30
168 3464 285 3542 γάμον,
311 3460 504 3526 πολιτείαν·
529 3463 575 3525 ὦν
599 3464 674 3524 οὔτε
697 3459 901 3525 ἀποδόσθαι
923 3485 957 3524 τι
980 3460 1091 3540 ἔξεστι
1105 3469 1179 3537 τοῖς
1194 3463 1327 3540 ἔχουσιν
1351 3462 1427 3522 οὔτε

169 3567 263 3638 ὅπως
287 3567 327 3626 ἀν
356 3588 409 3641 τις
438 3564 541 3650 έθέλη
568 3567 730 3651 χρῆσθαι.
780 3566 893 3626 κοινόν
918 3556 949 3625 δ’
982 3565 1039 3626 οδν
1067 3566 1126 3625 ἐπὶ
1155 3570 1259 3624 πᾶσιν
1284 3565 1427 3647 ὥρισται
1438 3567 1477 3626 50

170 3664 318 3744 δίκαιον,
355 3671 393 3729 τό
428 3661 541 3730 πάνθ’
579 3671 642 3730 δσα
674 3665 813 3741 δικαίως
848 3688 901 3741 τις
937 3663 1072 3747 ἔλαβεν,
1114 3667 1154 3727 ἀν
1191 3685 1226 3726 τε
1262 3661 1428 3740 καθάπαξ

169 3773 247 3853 τάχη
274 3769 385 3851 λαβὼν
408 3773 448 3832 ἀν
471 3793 507 3832 τε
530 3770 579 3846 εἴς
601 3792 676 3833 τινα
697 3773 827 3854 χρόνον,
851 3770 1010 3852 καθάπερ
1036 3768 1132 3849 οἶμαι
1154 3768 1215 3842 τὰς
1238 3767 1351 3850 ἀρχάς,
1374 3767 1427 3847 βε-

259 3980 410 4043 ΙάλλάΜ
480 3979 592 4054 ἀείρεο
612 3981 687 4042 είδτ
768 3981 1025 4058 3καίγὰρκαίΕ
1097 3978 1278 4040 ’ίτουτείτδ
1298 3982 1328 4037 Μ
1346 3976 1428 4038 τοῦτ’

170 4067 196 4127 εἶ
215 4067 249 4128 τὸ
268 4071 301 4125 Jv
371 4067 455 4127 τόνδε
472 4070 533 4125 add.
553 4071 616 4125 wil.
687 4068 785 4128 πεύσει
802 4071 834 4125 Μ
904 4061 1029 4136 8οδτως
1046 4069 1138 4125 addidi
1209 4072 1238 4123 13
1257 4065 1360 4125 έστίΕ

174 4162 204 4210 16
223 4148 360 4214 οἱῖτασΜ
413 4159 445 4211 18
463 4151 536 4213 εἶναι
553 4155 787 4212 addiditcobetus
839 4161 870 4210 21
891 4150 1119 4230 ἀπογράψασθαι
1131 4153 1178 4208 Μτ
1230 4157 1262 4207 22
1280 4150 1376 4209 ἐστιΕ

170 4237 290 4314 ἤπειρον
308 4242 406 4298 seclusi
424 4245 455 4296 ut
471 4241 739 4310 interpretamentum
760 4242 903 4297 verborum
926 4236 977 4312 τὴν
1000 4237 1133 4313 ἄντικρυς
1152 4235 1253 4310 χάραν
1270 4238 1312 4293 vel
1329 4236 1429 4292 veriam

171 4325 311 4381 lectionem
329 4343 380 4397 pro
397 4318 497 4400 χάραν
567 4331 598 4382 23
616 4330 665 4383 καί
683 4323 787 4400 δτέρασ
806 4326 853 4379 ΒΕ
936 4330 969 4380 24
986 4323 1058 4394 μετὰ
1077 4339 1126 4394 pro
1144 4319 1253 4380 κατάν
1323 4326 1355 4376 29
1373 4325 1429 4377 δια·

172 4410 345 4482 φέρονταιε
432 4417 462 4466 31
482 4410 567 4484 ἕθέλη
589 4415 718 4481 (superse.
740 4410 820 4475 ot)E
845 4408 983 4468 ἐθέλοιΒ
1005 4409 1086 4466 θέλοι
1104 4408 1150 4464 Mv
1166 4408 1221 4474 (hio
1239 4423 1292 4463 om.
1311 4411 1362 4472 τις)

172 4499 205 4549 32
225 4490 327 4567 ἔλαβεν
344 4497 378 4561 Ε,
397 4493 483 4568 ἔλαβε
501 4498 584 4552 ceteri
