3068 5160
221 327 263 383 44
682 325 805 382 DIONIS
822 326 873 380 DE
891 325 1018 382 REGNO

222 506 311 563 νοεῖν
334 522 370 562 τε
392 503 448 563 καί
470 503 593 585 ἀρχειν,
619 501 691 563 οίον
714 506 829 585 τέχνην
851 503 912 580 μέν
935 502 1099 580 ἀτεχνίας,
1123 502 1310 578 ἀσθενείας
1334 500 1374 566 δὲ
1394 501 1491 567 δύνα-

221 624 289 682 μιν,
302 610 363 663 τοῦ
375 600 410 664 δέ
422 604 565 688 ἀνοήτου
577 605 615 663 τδ
633 605 799 688 φρόνιμον
816 607 975 685 προνοεῖν
986 605 1042 665 καί
1054 600 1298 688 προβουλεύειν
1310 606 1489 691 ἐποίησεν.

222 707 257 767 έν
281 708 412 778 πάσαις
435 701 470 765 δέ
494 706 634 778 ταύταις
656 709 732 779 ταῖς
755 700 967 784 ἐπιμελείαις
990 705 1028 765 τὸ
1051 705 1164 789 ἀρχειν
1188 702 1350 786 οὐδαμῶς
1380 705 1490 791 ῥᾴθυ-

222 827 300 886 μον,
331 803 415 868 ἀλλά
438 807 623 882 ἐπίπονον,
649 802 725 866 οὐδὲ
749 802 969 867 πλεονεκτοῦν
993 806 1139 881 ἀνέσεως
1160 808 1217 868 καί
1240 805 1380 895 σχολῆς,
1406 807 1489 872 ἀλλά

172 909 212 973 63
225 905 415 994 φροντίδων
444 909 501 970 καί
524 910 648 969 πόνων.
694 907 811 968 αὐτίκα
841 909 876 968 έν
899 909 953 992 νηί
980 909 1163 988 ἐπιβάταις
1189 905 1323 986 έξεστιν
1351 907 1520 990 ἀμελεῖν1

222 1013 278 1074 καί
306 1006 391 1094 μηδὲ
422 1011 503 1094 όράν
531 1012 591 1094 τήν
620 1006 813 1084 θάλατταν,
843 1004 927 1068 ἀλλὰ
950 1006 1035 1093 μηδὲ
1062 1012 1146 1072 όποι
1166 1018 1226 1096 γῆς
1253 1012 1336 1090 εἰσι,
1369 1015 1412 1074 τό
1437 1022 1494 1076 τοῦ

224 1111 333 1195 λόγου,
357 1119 455 1173 τοῦτο
480 1107 623 1172 εἰδέναι·
646 1111 703 1171 καί
725 1106 849 1171 πολλοί
870 1112 928 1171 τδν
951 1113 1080 1195 τρόπον
1102 1119 1221 1174 τοῦτον
1244 1110 1401 1176 πλέουσι
1420 1123 1492 1192 ταῖς

223 1214 361 1291 εὐδίαις,
386 1215 421 1274 οί
442 1213 504 1292 μέν
527 1213 755 1286 πεττεύοντες,
780 1212 814 1271 σί
837 1208 872 1272 δέ
896 1203 1045 1294 ᾄδοντες,
1069 1215 1103 1274 οί
1126 1211 1161 1275 δέ
1185 1215 1424 1297 εὐωχούμενοι
1446 1212 1489 1281 δι)

224 1322 366 1404 ήμέρας·
390 1318 470 1377 ὅταν
495 1311 530 1375 δὲ
553 1309 725 1395 καταλάβῃ
746 1314 882 1391 χειμών,
905 1311 1177 1396 ἐγκαλυψάμενοι
1199 1323 1436 1401 περιμένουσι
1456 1325 1491 1382 τό

225 1420 496 1502 συμβησόμενον·
528 1417 562 1475 οἱ
592 1412 630 1476 δέ
651 1434 743 1487 τινες
764 1414 1054 1491 καθυπνώσαντες
1083 1414 1159 1478 οὐδὲ
1190 1418 1407 1505 ἀνέστησαν,
1432 1426 1491 1498 ἔως
1508 1432 1526 1482 11

173 1523 213 1584 64
226 1524 378 1603 ἐγένοντο
410 1520 445 1579 ἐν
467 1515 515 1599 τῷ
545 1514 664 1596 λιμένι.
710 1513 756 1597 τῷ
779 1516 960 1601 κυβερνήτῃ
992 1515 1027 1579 δὲ
1054 1520 1177 1604 ἀνάγκη
1206 1522 1268 1600 μὲν
1292 1524 1382 1607 δρᾶν
1407 1528 1491 1609 πρός

223 1625 261 1683 τὸ
295 1618 458 1701 πέλαγος,
492 1621 615 1702 ἀνάγκη
647 1614 682 1678 δέ
712 1614 924 1698 ἀποβλέπειν
947 1621 996 1693 είς
1025 1623 1083 1682 τδν
1113 1623 1264 1706 οὐρανόν,
1294 1625 1430 1712 ἀνάγκη
1458 1623 1489 1688 δὲ

224 1728 435 1809 προσκοπεῖν
458 1725 517 1808 τήν
540 1729 616 1806 γήν·
648 1719 686 1779 ού
714 1721 779 1804 μήν
803 1716 879 1780 οὐδὲ
902 1721 944 1780 τά
967 1722 1002 1782 ἐν
1025 1720 1072 1803 τῷ
1095 1721 1194 1804 βυθῷ
1213 1727 1275 1810 χρή
1302 1723 1489 1790 λανθάνειν

224 1828 334 1903 αὐτόν,
357 1827 377 1911 ή
403 1823 542 1910 λήσεται
564 1822 762 1906 περιπεσὼν
785 1819 932 1906 ύμάλσις
961 1828 1104 1908 πέτραις
1131 1827 1151 1910 ἢ
1175 1823 1318 1911 ἀδήλοις
1348 1831 1487 1914 ἕρμασι·

174 1929 315 2010 65μόνῳ
342 1926 377 1990 δέ
401 1927 514 2006 ἐκείνῳ
539 1932 598 2009 τής
619 1925 680 2001 μέν
703 1925 819 1996 νυκτδς
840 1923 941 2008 ήττον
969 1921 1080 2001 έξεστι
1101 1927 1336 1991 καθυπνῶσαι
1363 1932 1386 2016 ή
1419 1936 1525 2005 τοῐςύ

224 2036 441 2116 νηχομένοις·
475 2032 602 2112 ήμέρας
634 2022 669 2086 δέ
693 2023 728 2086 εἴ
753 2027 820 2085 πού
849 2046 883 2086 τι
904 2027 1009 2109 βραχύ
1031 2025 1168 2110 κλέψειε
1190 2037 1252 2091 τού
1272 2032 1406 2110 ύπνου,
1435 2034 1486 2094 καί

224 2141 322 2195 τοῦτο
347 2136 515 2213 μετέωρον
537 2130 595 2190 καί
617 2124 821 2212 ἀμφίβολον,
845 2129 891 2202 ὡς
914 2129 1061 2210 ἀναβοᾶν
1084 2128 1248 2206 πολλάκις
1268 2133 1289 2218 ή
1314 2135 1355 2195 τδ
1378 2135 1485 2196 ἱστίον

225 2231 374 2296 στέλλειν
396 2234 416 2316 ή
441 2234 606 2315 παράγειν
629 2231 666 2290 τδ
692 2226 861 2313 πηδάλιον
883 2231 901 2314 ή
926 2227 1009 2292 ἀλλο
1031 2252 1066 2293 τι
1088 2240 1154 2295 τῶν
1183 2241 1367 2297 ναυτικῶν·
1401 2237 1484 2297 ὥστε

223 2337 279 2398 καί
301 2336 511 2414 κοιμώμενος
534 2335 660 2406 ἐκεῖνος
680 2327 809 2410 μᾶλλον
832 2329 1046 2411 ἐπιμελεῖται
1067 2342 1126 2419 τής
1148 2336 1231 2410 νεὼς
1250 2337 1270 2421 ἢ
1287 2343 1358 2400 τῶν
1373 2334 1483 2400 ἀλλων

174 2436 214 2497 66
226 2439 260 2498 οί
285 2433 418 2521 σφόδρα
442 2436 667 2518 ἐγρηγορότες.
713 2434 747 2494 έν
762 2453 799 2514 γε
813 2433 878 2516 μήν
894 2431 941 2514 τῷ
959 2437 1209 2518 στρατεύεσθαι
1222 2445 1289 2500 τῶν
1304 2441 1369 2519 μέν
1387 2454 1483 2524 στρα-
1500 2448 1524 2500 21

224 2545 356 2601 τιωτῶν
385 2540 525 2609 ἕκαστος
554 2533 644 2615 αὐτῷ
673 2537 764 2615 μόνῳ
795 2530 1009 2612 ἐπιμελεῖται
1037 2540 1093 2600 καί
1119 2535 1234 2601 όπλων
1261 2541 1320 2602 καί
1342 2549 1480 2627 τροφῆς,

225 2643 407 2703 καὶταῦτα
431 2639 469 2699 ού
493 2633 654 2722 πορίζων,
677 2628 753 2696 ἀλλ’
779 2639 898 2716 έτοιμα
922 2635 1026 2714 ἀξιῶν
1049 2641 1150 2718 ἔχειν·
1179 2644 1285 2726 μόνης
1314 2639 1352 2704 δέ
1381 2661 1479 2728 φρον-

173 2746 212 2807 67
224 2739 308 2819 τίζει
329 2751 388 2828 τής
411 2742 539 2823 ὑγιείας
561 2749 620 2825 της
644 2736 774 2815 ἑαυτοῦ,
803 2742 907 2823 μόνης
931 2736 966 2800 δέ
990 2749 1049 2826 τῆς
1079 2744 1257 2827 σωτηρίας.
1301 2742 1351 2826 τῴ
1382 2760 1479 2828 στρα-

223 2843 311 2930 τηγῴ
336 2842 371 2906 δὲ
395 2845 491 2927 ἔργον
514 2843 606 2903 ἐστίν
629 2843 784 2914 ἅπαντας
811 2844 872 2920 μέν
896 2838 1078 2905 ὡπλίσθαι
1104 2840 1230 2921 καλῶς,
1260 2846 1420 2922 ἅπαντας
1445 2843 1478 2908 δέ

224 2948 380 3024 εάπορεῖν
405 2947 541 3027 σκέπης,
566 2945 603 3004 ού
626 2945 729 3022 μόνον
755 2939 789 3003 δέ
813 2943 873 3016 τὰς
896 2951 962 3006 τῶν
985 2945 1182 3029 ἀνθρώπων
1204 2951 1373 3032 γαστέρας
1395 2945 1478 3034 πλη-
1496 2957 1526 3009 21

223 3046 313 3133 ροῦν,
338 3043 422 3107 ἀλλά
445 3046 502 3106 καί
524 3045 585 3118 τάς
607 3051 674 3105 τῶν
699 3045 834 3104 ἵππων·
857 3045 916 3106 έάν
940 3043 975 3124 δέ
998 3049 1042 3132 μή
1067 3050 1193 3122 πάντες
1215 3050 1319 3127 ἔχωσι
1342 3051 1384 3111 τά
1406 3051 1478 3113 ἐπι·

222 3144 349 3231 τήδεια,
373 3143 461 3208 πολύ
490 3142 618 3226 μᾶλλον
647 3146 793 3224 ἀχθεται
822 3147 841 3230 ή
874 3149 974 3222 αύτδς
996 3155 1121 3210 νοσῶν·
1152 3152 1321 3234 σωτηρίαν
1351 3171 1388 3233 γε
1417 3153 1478 3238 μήν

223 3250 281 3333 τήν
304 3250 438 3310 ἐκείνων
462 3249 500 3309 οά
524 3250 603 3333 περί
625 3245 804 3323 ἐλάττονος
833 3254 987 3311 ποιεῖται
1014 3258 1073 3336 τής
1097 3248 1210 3313 αὐτού.
1254 3245 1322 3334 [καί
1349 3253 1414 3337 γάρ
1441 3250 1476 3338 δή

223 3356 315 3410 νικᾶν
337 3351 398 3429 μέν
421 3347 586 3412 ἀδύνατον
610 3352 687 3412 ἀνευ
713 3352 882 3435 σωτηρίας
904 3359 971 3414 τῶν
996 3360 1227 3436 στρατιωτῶν·
1249 3355 1337 3439 ὑπὲρ
1362 3351 1398 3417 δέ
1422 3363 1478 3440 τῆς

171 3455 211 3518 68
223 3452 315 3535 νίκης
338 3448 461 3512 πολλοὶ
482 3458 549 3512 τῶν
573 3453 713 3533 ἀγαθῶν
741 3455 798 3515 καί
820 3453 1054 3538 ἀποθνήσκειν
1077 3449 1275 3540 αἱροῦνται]
1312 3453 1421 3519 πάλιν
1443 3453 1517 3519 δίεν

221 3544 306 3614 καθ’
332 3556 471 3615 ἕκαστον
493 3558 587 3638 ήμῶν
610 3556 648 3615 τδ
672 3557 732 3634 μέν
750 3561 857 3634 σῶμα,
881 3557 939 3616 ἀτε
956 3556 1108 3640 ἀνόητον,
1132 3554 1209 3619 οὐδὲ
1225 3555 1316 3641 αύτῷ
1332 3559 1476 3646 βοηθεῖν

309 3798 513 3861 Ιάσθενίασλί
567 3804 755 3860 3ταῑοοιυ.Ρ
808 3800 940 3876 ῥάθυμον
951 3801 1166 3864 οάόέένιίπονον
1176 3808 1226 3864 UB
1279 3802 1437 3867 4άλλἸίΒ

221 3880 284 3945 ου’δέ
301 3887 391 3945 πλέον
409 3883 502 3959 ἔχεται
519 3888 569 3943 UB
667 3884 877 3960 δέπιβάτεσί)
981 3894 1063 3947 6καί
1079 3905 1131 3945 om.
1150 3892 1200 3948 UB
1269 3893 1340 3951 εἰσιν
1358 3896 1386 3952 U

221 3965 415 4030 ΘεύύείαισΡ
477 3969 689 4030 τετεύοντεσΡ
753 3980 783 4029 10
801 3970 928 4032 ἐωστελί
992 3981 1020 4031 11
1039 3976 1170 4048 γένοιντο
1189 3977 1215 4033 U
1232 3974 1428 4049 γενόμενοιΒ

223 4063 253 4112 14
270 4052 359 4130 δφάλ’
378 4059 484 4131 πέτρεσ
501 4059 522 4112 Ρ
617 4054 737 4130 ἕρμασιν
754 4060 779 4115 U
867 4063 898 4115 16
915 4060 1048 4131 κλέψειεν
1064 4062 1115 4118 UV
1205 4063 1307 4118 scribe:
1326 4070 1377 4121 καί
1394 4059 1476 4122 τρίτ’

219 4138 314 4215 (ἔσχε)
328 4145 476 4216 μετέωρον
493 4144 536 4198 vel
553 4144 639 4198 simile
657 4144 721 4213 quid
782 4147 811 4197 18
829 4139 848 4214 ἢ
864 4149 1048 4218 παραστῆσαι
1066 4147 1140 4203 UBV
1194 4151 1225 4203 19
1243 4150 1292 4205 καί
1310 4164 1364 4204 om.
1382 4149 1433 4206 ΠΒ

220 4231 252 4281 20
276 4234 455 4300 στρατιοιών
472 4230 497 4285 U
600 4234 631 4284 21
652 4224 741 4288 αὐτοῦ
762 4224 855 4298 μόνον
872 4229 894 4283 Ρ
999 4235 1031 4284 22
1049 4236 1138 4288 ταῦτα
1162 4227 1241 4289 ού-
1258 4235 1408 4304 φροντίζει
1424 4236 1476 4305 τῆσ

220 4315 311 4366 ουι.Ρ
381 4309 496 4372 dam
565 4318 596 4369 23
616 4313 799 4389 οτρατιγῷΡ
869 4319 901 4369 25
919 4314 1016 4385 μόνασ
1034 4317 1083 4372 UB
1153 4320 1185 4371 28
1203 4310 1419 4376 εὖλάττονοσΡ

220 4399 268 4451 καί
279 4391 335 4537 ηάρ
349 4430 372 4438 -
388 4398 536 4472 αἱροῦνται
546 4400 645 4454 seclusi
657 4400 777 4468 ineptum
789 4398 991 4469 interpolatoris
1006 4401 1232 4471 additamentum
1248 4401 1284 4460 ef.
1293 4403 1375 4458 etiam
1385 4405 1400 4472 ς
1411 4407 1443 4459 85

221 4485 253 4535 30
272 4484 288 4535 δ
320 4479 347 4536 οἳ
364 4482 390 4537 V
408 4484 437 4539 δέ
454 4492 519 4539 τοῖσ
535 4484 557 4536 Ρ
