3068 5160
541 337 830 394 PROLEGOIIENA,
1194 335 1315 390 XXXIII

55 529 163 578 errore
174 509 237 575 hue
248 510 385 576 relatum
400 512 468 587 est).
499 509 693 576 Coniectura
707 509 876 576 librarium
890 508 951 574 hoo
966 511 1148 575 asseoutun
1164 525 1315 572 essenon

55 612 161 679 erede.
177 649 219 658 —
237 617 286 695 17,
303 615 341 676 21
360 605 435 675 ἀλλ’
463 612 539 677 οὐδὲ
561 620 683 698 μέτρον
706 609 788 674 ἄλλο
810 615 829 697 ἢ
847 615 885 675 τὸ
898 604 1041 699 Ὁμήρου
1057 610 1166 696 ἡρῷον
1183 612 1313 672 ἀκούων

56 719 220 796 ἀνέχομαι
242 712 319 778 PW.
364 713 426 778 Pro
456 718 619 796 ἀνέχομαι
641 712 730 778 UBV
757 711 879 778 habent
907 717 1071 795 ἄχθομαι.
1119 709 1212 790 Quod
1241 730 1314 775 oum

55 835 154 882 sensu
168 820 294 880 oareret
309 820 468 880 oorreotor
482 815 651 882 Urbinatis
667 814 751 878 ἀλλὰ
766 818 823 878 καὶ
838 831 896 896 pro
912 807 987 876 ἀλλ’
1007 813 1083 877 οὐδὲ
1095 813 1313 896 interpolavit.

56 917 152 983 Unde
175 916 280 981 elnoet
301 935 366 980 non
388 916 565 999 quemlibet
592 916 754 981 hommem
781 933 893 979 verum
920 913 1068 978 invenire
1096 914 1248 997 potuisse.
1271 948 1314 958 —

58 1024 107 1102 17,
124 1022 165 1084 26
189 1017 302 1102 ὀλίγου
326 1017 422 1096 ἄξιον
444 1017 513 1082 PW
534 1022 632 1082 reete.
676 1021 773 1097 ἄξιον
795 1036 857 1081 om.
879 1013 980 1082 UBW
1002 1049 1044 1060 -
1069 1017 1117 1095 18,
1142 1019 1181 1078 14
1204 1018 1312 1078 ἐκεῖνα

57 1120 201 1187 seuibunt
217 1119 285 1184 PW
300 1118 416 1184 melius
439 1137 537 1203 quam
552 1123 658 1184 ἐκεῖνο
675 1117 773 1184 UBV.
788 1152 830 1164 -
849 1121 896 1199 19,
914 1120 954 1181 19
968 1121 1025 1181 καὶ
1041 1123 1215 1198 πέμπεται
1229 1119 1313 1197 μετὰ

57 1232 177 1309 μικροῖς
200 1221 374 1302 δυνάμεως
396 1225 433 1284 οὐ
456 1225 570 1307 κύριος
593 1214 666 1283 ἀλλ’
692 1219 782 1303 ἄλλῳ
801 1223 1130 1304 συστρατευσόμενος
1144 1217 1213 1282 PW
1229 1222 1266 1281 οὐ
1283 1224 1315 1284 et

58 1317 135 1387 ἀλλ’
161 1343 223 1388 om.
246 1321 345 1388 UBV.
389 1321 588 1406 Interpolata
610 1327 685 1388 sunt
706 1340 727 1386 a
748 1320 831 1402 PW,
859 1325 974 1406 κύριος
997 1317 1169 1384 delendum
1191 1325 1256 1400 est,
1280 1325 1316 1384 ut

59 1425 163 1490 nImia
191 1424 325 1490 tollatur
350 1422 538 1489 verbositas.
561 1459 603 1470 -
624 1421 702 1488 ibid.
726 1427 777 1489 31.
800 1415 876 1484 ἀλλ’
901 1413 963 1484 ὑπ’
988 1420 1071 1502 ἐμοῦ
1093 1441 1129 1504 με
1152 1421 1313 1507 βασιλεύῃ

57 1525 88 1592 V
111 1521 187 1590 ἀλλ’
212 1519 274 1589 ὑπ’
300 1524 382 1606 ἐμοῦ
404 1545 441 1608 γε
465 1528 502 1586 οὐ
525 1524 706 1610 βασιλεύῃ;
729 1523 787 1588 UB
805 1517 881 1587 ἀλλ’
902 1517 960 1604 οὐχ
983 1515 1048 1586 ὑπ’
1067 1526 1149 1603 ἐμοῖ
1159 1544 1195 1606 γε
1217 1525 1315 1606 βασι-

60 1627 136 1714 λεύῃ
144 1653 156 1705 ;
178 1625 256 1691 PW.
285 1624 397 1690 Leotio
413 1623 442 1688 V
457 1624 625 1708 probanda
640 1631 705 1708 est3
720 1625 779 1691 UB
794 1631 826 1691 et
841 1624 909 1690 PW
925 1623 1054 1690 diversa
1068 1623 1193 1689 ratione
1208 1623 1315 1690 loeum

57 1727 343 1811 interpolaverunt.

144 1826 210 1893 Sed
231 1826 339 1892 taedet
360 1825 456 1910 plura
477 1829 669 1913 exsoribere‚
693 1847 765 1893 oum
787 1825 924 1910 quilibet
947 1847 988 1892 ex
1011 1846 1085 1892 mea
1107 1827 1316 1894 adnotatione

57 1930 210 2014 exempla
226 1929 328 2013 possit
350 1929 513 2014 expisoari
535 1928 674 2012 quaein
696 1949 762 1994 una
783 1948 913 2014 quaque
934 1928 1002 1994 fere
1023 1929 1147 2013 pagina
1160 1937 1315 2014 prostant.

56 2035 165 2117 Atque
187 2031 222 2096 in
243 2030 284 2096 iis
306 2049 391 2115 quae
413 2029 643 2115 adsoripsimus
664 2031 820 2096 nonnulla
841 2029 986 2112 fuerunt,
1016 2050 1101 2114 quae
1123 2031 1164 2097 ab
1187 2032 1316 2098 homine

56 2133 233 2219 byzantino
248 2133 435 2215 exoogitata
451 2151 521 2198 esse
536 2132 705 2216 probabile
719 2153 784 2198 non
798 2133 850 2198 sit.
881 2132 1024 2198 Maxime
1040 2151 1116 2198 vero
1131 2135 1316 2200 oontinuum

58 2234 143 2301 illud
162 2240 195 2301 et
216 2253 382 2318 nunquam
404 2235 620 2300 intermittens
641 2235 799 2302 bonarum
821 2235 995 2300 leotionum
1016 2233 1145 2318 flumen,
1168 2235 1248 2320 quid
1269 2238 1317 2303 rei

61 2337 104 2402 sit
126 2335 229 2419 donet,
252 2355 325 2401 oum
347 2337 537 2420 praesertim
560 2335 644 2402 hane
666 2335 901 2403 abundantiam
923 2334 1093 2403 Urbinatis
1121 2344 1154 2403 et
1175 2338 1317 2404 Parisini

61 2437 218 2504 bonorum
246 2438 385 2520 egestati
413 2438 660 2522 oomparaveris.
711 2437 796 2503 Nam
824 2438 952 2504 etiamsi
981 2437 1170 2505 emendator
1203 2439 1317 2506 fuisset

61 2540 215 2607 librarius
236 2538 294 2603 ille
307 2538 435 2605 Reiskii
457 2538 573 2605 slmilis
588 2539 644 2604 vix
666 2539 762 2623 plura
776 2539 978 2605 eorrexisset.
1014 2540 1130 2625 Itaque
1145 2541 1225 2606 mibi
1248 2543 1317 2626 qui·

60 2640 135 2707 dem
158 2660 216 2726 pro
238 2647 324 2706 eerto
346 2647 412 2724 est,
441 2647 507 2707 tres
529 2642 603 2707 illos
625 2639 752 2707 oodioes
774 2661 909 2726 quorum
938 2641 1128 2726 apographa
1149 2650 1318 2708 servantur

59 2743 95 2808 in
115 2741 328 2826 bibliotbeoIs,
351 2744 415 2828 ipsi
437 2743 637 2827 interierunt,
660 2743 708 2808 ita
729 2744 813 2808 inter
835 2762 870 2808 se
893 2741 1065 2808 oohaerere
1086 2749 1122 2807 ut
1138 2742 1240 2809 oodex
1255 2745 1318 2810 Vll

60 2864 134 2911 eum
149 2841 259 2909 oodiee
275 2842 334 2908 UB
349 2845 450 2910 artius
473 2845 662 2911 ooniunetus
684 2845 726 2911 sit
748 2850 781 2910 et
795 2844 1007 2911 reeentiorem
1029 2844 1063 2908 hi
1077 2844 1219 2911 habeant
1234 2866 1317 2912 eom-

63 2965 192 3012 munem
215 2945 426 3030 arehetypnm
454 2966 553 3031 quam
576 2965 648 3012 oum
670 2946 780 3012 PHW.
824 2948 940 3031 Itaque
968 2965 1053 3030 quae
1075 2946 1131 3011 VP
1159 2953 1318 3015 testantur

61 3053 197 3131 uterque
219 3045 436 3112 firmissimum
457 3054 533 3113 snnt
555 3049 752 3115 recensionis
773 3048 1027 3115 fundamentum.

141 3147 276 3214 Aoeedit
287 3149 354 3213 alia
366 3167 494 3233 quoque
506 3152 721 3234 ratioeinatio‚
734 3170 800 3236 qua
811 3151 972 3218 sententia
983 3157 1092 3217 nostra
1104 3150 1317 3220 confirmatur.

61 3252 305 3317 Demonstravit
327 3251 413 3317 enim
428 3248 599 3335 Emperius
621 3271 706 3336 quae
728 3253 762 3317 in
783 3252 876 3319 libris
891 3251 976 3318 duae
991 3254 1152 3320 oratIones
1174 3254 1320 3321 feruntur

63 3358 103 3417 77
127 3359 160 3418 et
183 3356 222 3418 78
245 3372 302 3419 eas
324 3371 395 3419 esse
422 3352 518 3417 nnius
546 3359 664 3437 partes.
709 3353 817 3436 Atque
845 3354 901 3417 vix
932 3354 999 3419 alia
1026 3356 1109 3420 rati0
1139 3358 1319 3439 excogitari

61 3456 180 3540 poterit
202 3454 362 3540 quomodo
384 3454 466 3520 haeo
488 3455 591 3519 oratio
614 3453 776 3537 disoerpta
791 3456 842 3536 sit,
866 3475 963 3538 quam
978 3456 1184 3540 Emperiana.
1222 3457 1319 3524 Vide-

62 3556 141 3622 lioet
162 3556 277 3622 ultima
298 3556 387 3640 folia,
410 3555 527 3640 quibus
550 3575 594 3621 or.
619 3559 743 3622 78—80
767 3556 1029 3639 eontinebantur,
1058 3557 1204 3624 absoissa
1226 3567 1320 3625 erant

63 3659 99 3724 in
121 3677 159 3725 eo
182 3658 293 3725 eodioe
312 3678 354 3724 ex
377 3677 440 3742 quo
462 3677 572 3724 omnes
587 3657 662 3723 libri
676 3657 848 3725 fluxerunt.
892 3658 1011 3724 Postea
1032 3658 1104 3742 ipsa
1118 3660 1177 3724 illa
1199 3660 1320 3728 oodiois

63 3780 140 3846 pars
154 3767 283 3846 reperta
305 3766 363 3826 est.
403 3759 470 3826 Sed
484 3761 580 3825 latuit
594 3759 752 3842 librarios,
775 3766 812 3826 ut
833 3761 935 3845 ipsius
949 3760 1093 3846 Emperii
1107 3760 1215 3828 verbis
1236 3770 1319 3845 utar,

63 3882 130 3928 non
151 3882 269 3928 novam
291 3862 375 3928 hano
400 3882 471 3929 esse
494 3863 794 3929 oommentationem
817 3862 875 3929 sed
896 3864 1012 3948 prioris
1033 3869 1169 3949 partem.
1212 3865 1320 3948 Atque

63 3964 99 4029 in
121 3964 297 4050 arohetypo
314 3964 436 4030 UBVM
458 3971 490 4031 et
505 3965 666 4050 partioula
687 3965 747 4031 illa
769 3966 923 4032 orationis
945 3971 1025 4053 περὶ
1041 3970 1176 4054 φθόνου
1192 3972 1224 4032 et
1245 3967 1320 4032 ulti-

64 4086 138 4132 mae
153 4065 238 4132 duae
253 4068 415 4134 oratIones
431 4065 563 4132 additae
578 4072 668 4150 sunt;
688 4065 804 4134 desunt
819 4069 853 4133 in
868 4067 936 4133 ΗΡ.
966 4069 1080 4134 Eluoet
1094 4069 1194 4150 igitur
1209 4068 1320 4134 arohe-

64 4173 179 4253 typnm
202 4168 259 4234 ΗΡ
282 4191 324 4237 ex
346 4171 416 4255 ipso
438 4170 495 4234 illo
517 4169 659 4234 omnium
680 4169 834 4235 librorum
856 4169 1032 4254 archetypo
1053 4168 1195 4253 fluxisse,
1217 4171 1320 4255 prins-

65 4290 164 4353 quam
178 4292 254 4356 pars
270 4273 415 4340 abscissa
429 4273 633 4355 reperiretur.
663 4273 777 4356 Neque
792 4272 877 4338 enim
894 4290 971 4336 easu
986 4270 1107 4336 fartum
1122 4290 1193 4338 esse
1204 4277 1319 4357 potest,

64 4378 101 4437 ut
123 4373 157 4437 in
179 4375 251 4458 ipso
273 4375 329 4440 illo
357 4380 465 4441 textus
488 4374 558 4439 looo
589 4374 757 4458 archetypi
779 4372 923 4438 ordinem
954 4373 1046 4457 sequi
1075 4371 1267 4441 desisterent
1289 4380 1321 4440 et

65 4475 151 4541 alias
188 4477 348 4543 orationes
377 4475 509 4543 aliunde
537 4477 730 4559 arriperent,
765 4474 822 4540 nbi
850 4474 992 4540 eodioem
1020 4474 1196 4559 aliquando
1226 4476 1321 4543 linem

118 4583 175 4628 nro.
190 4583 208 4626 1.
1103 4592 1117 4630 c
