3068 5160
685 309 821 366 ORATIO
838 311 887 366 IX.

116 632 138 686 υ
371 617 421 696 (8)
443 613 764 697 ΔΙΟΓΕΝΗΣ
787 615 832 694 Η
855 613 1180 700 ΙΣΘΜΙΚΟΣ.

720 773 821 784 -

223 879 388 970 Ἰσθμίων
412 891 516 952 όντων
538 891 659 975 κατέβη
683 893 848 977 Διογένης
877 895 926 968 είς
948 896 1006 955 τόν
1025 886 1180 974 Ἰσθμόν,
1211 898 1257 970 ώς
1279 897 1396 973 ἔοικεν,
1417 902 1430 961 1

146 989 178 1055 έν
207 992 372 1077 Κορίνθῳ
404 989 595 1076 διατρίβων.
656 999 883 1079 παρετύγχανε
913 993 948 1057 δὲ
978 1001 1054 1070 ταῖς
1082 999 1308 1081 πανηγύρεσιν
1340 989 1399 1077 υίχ

148 1092 259 1178 ώνπερ
284 1095 318 1155 οῖ
340 1090 463 1156 πολλοί
485 1098 595 1172 ένεκα,
618 1094 819 1178 βουλόμενοι
840 1095 1044 1159 θεάσασθαι
1066 1100 1144 1172 τούς
1167 1095 1322 1182 ἀθλητὰς
1343 1102 1399 1162 καί

148 1196 200 1258 ίνοι
224 1192 484 1280 ἐμπλησθῶσιν,
509 1189 581 1258 ἀλλ’
609 1201 808 1261 ἐπισκοπῶν
826 1197 923 1278 οἶμαι
937 1202 1016 1274 τούς
1032 1201 1240 1284 ἀνθρώπους
1261 1203 1317 1263 καί
1339 1204 1398 1287 την

118 1299 265 1361 ύάνοιαν
289 1288 407 1360 αι’τῶν.
452 1291 529 1383 ᾔδει
555 1302 616 1384 γάρ
641 1304 694 1362 ότι
724 1303 959 1386 φανερώτατοί
988 1303 1074 1364 εἰσιν
1103 1304 1137 1364 ἐν
1160 1308 1236 1377 ταῖς
1265 1307 1399 1388 ἑορταῖς

146 1401 200 1463 καί
222 1405 300 1475 ταῖς
323 1403 563 1485 πανηγύρεσιν·
587 1405 622 1464 έν
646 1399 681 1463 δέ
706 1400 843 1484 πολέμῳ
867 1405 923 1466 καί
946 1401 1165 1488 στρατοπέδῳ
1190 1402 1400 1467 λανθάνουσι

147 1499 274 1583 μᾶλλον
304 1499 360 1564 διὰ
389 1505 427 1564 τό
455 1501 657 1566 κινδυνεύειν
691 1507 747 1566 καὶ
784 1507 983 1590 φοβεῖσθαι.
1042 1509 1098 1568 καὶ
1125 1512 1243 1587 μέντοι
1270 1504 1436 1588 ένόμιζε2

148 1607 223 1666 τότε
246 1593 480 1689 εὐιατοτέρους
502 1604 604 1668 εἶναι·
632 1608 771 1691 καὶγὰρ
795 1609 836 1668 τά
860 1610 1033 1693 νοσήματα
1053 1617 1114 1671 τού
1132 1613 1297 1690 σώματος,
1321 1614 1401 1673 όταν

148 1703 270 1790 έκδηλοι
291 1687 330 1790 ᾖ,
353 1705 437 1790 ῥᾷον
460 1709 723 1792 θεραπεύεσθαι
744 1711 811 1770 ὑπό
835 1717 901 1772 τῶν
925 1712 1050 1795 ἰατρῶν
1077 1713 1096 1795 ἢ
1119 1717 1216 1795 μέχρι
1237 1711 1402 1775 ὑποστέλ-

116 1819 132 1873 ύ
149 1805 258 1872 ίεται·
281 1810 360 1883 τούς
382 1814 498 1888 μέντοι
520 1807 766 1890 ἀμελουμένους
789 1819 855 1873 τῶν
872 1813 1069 1896 ἀνθρώπων
1084 1815 1119 1874 έν
1135 1818 1210 1888 ταῖς
1225 1817 1401 1889 τοιαύταις

150 1907 342 1996 διατριβαῖς
363 1909 504 1991 τάχιστα
528 1910 758 1975 ἀπόλλυσθαι.
805 1911 861 1975 διά
891 1921 996 1974 ταῦτα
1029 1911 1240 1998 παρέβαλλεν
1269 1917 1319 1989 εἰς
1341 1917 1437 1990 τάς3

149 2015 362 2098 πανηγύρεις.
407 2011 497 2096 έλεγε
522 2012 556 2076 δὲ
580 2018 817 2092 ἐπισκώπτων,
842 2018 895 2076 ότι
917 2013 1122 2100 ἐπιπλήττοι
1144 2019 1182 2077 τό
1206 2024 1268 2077 τοῦ
1287 2020 1400 2091 κυνός·

149 2107 216 2198 [διὰ
239 2118 300 2201 τὴν
319 2113 535 2202 χαλεπότητα
558 2120 613 2180 καί
636 2121 673 2178 τό
699 2115 937 2202 λοιδορεῖσθαι
957 2119 1038 2178 κύνα
1063 2109 1164 2180 αι’τόν
1180 2112 1399 2200 ἀπεκάλουν]

149 2219 226 2292 τούς
240 2217 304 2302 γὰρ
319 2221 419 2293 κύνας
442 2221 593 2280 έπεσθαι
614 2222 675 2298 μὲν
699 2221 748 2293 εἰς
763 2221 823 2294 τάς
840 2223 1053 2305 πανηγύρεις,
1077 2217 1204 2304 μηδένα
1222 2218 1256 2282 δὲ
1274 2217 1401 2282 ἀδικεῖν

116 2329 133 2380 [s
149 2327 214 2382 τών
237 2322 311 2382 ἐκεῖ
326 2325 545 2402 γιγνομένων,
576 2318 729 2382 ὑλακτεῖν
757 2319 792 2383 δὲ
820 2324 876 2384 καί
903 2320 1078 2401 μάχεσθαι
1105 2328 1178 2397 τοῖς
1205 2325 1402 2406 κακούργοις

149 2423 203 2484 καί
215 2419 364 2506 λῃσταῖς,
376 2425 432 2484 καί
444 2426 524 2484 όταν
538 2425 571 2484 οἱ
585 2425 770 2508 ἀνθρωποι
786 2424 1021 2503 μεθυσθέντες
1035 2421 1262 2501 καθεύδωσιν,
1281 2415 1402 2498 αίτούς

151 2525 371 2608 ἐγρηγορότας
388 2520 577 2608 φυλάττειν.
688 2522 785 2599 ὡςδὲ
809 2525 916 2610 έηνάνη
941 2529 975 2588 έν
998 2534 1039 2610 τῇ
1062 2529 1256 2610 πανηγύρει,
1280 2527 1439 2608 Κοριν-4

151 2625 239 2686 θίων
268 2627 329 2704 μέν
360 2615 469 2700 οὐδεὶς
498 2616 588 2708 αὐτῷ
618 2632 777 2710 προσεῖχε
806 2630 864 2688 τόν
893 2635 985 2703 νοῦν,
1024 2631 1077 2689 ότι
1107 2624 1271 2700 πολλάκις
1300 2617 1402 2687 αδτδν

152 2728 264 2811 έώρων
287 2728 322 2788 έν
344 2735 386 2811 τῇ
409 2724 509 2788 πόλει
530 2730 586 2790 καὶ
609 2731 687 2812 περὶ
709 2732 747 2790 τό
772 2728 947 2814 Κράνειον.
998 2731 1031 2790 οἱ
1052 2730 1113 2812 γὰρ
1138 2729 1321 2811 ἀνθρωποι
1345 2729 1402 2800 οὓς

116 2829 190 2891 ώάν
213 2829 267 2890 ἀεὶ
288 2825 444 2909 βλέπωσι
465 2833 521 2892 καὶ
544 2831 595 2905 οῖς
617 2826 811 2910 νομίζουσιν
834 2830 922 2893 εἶναι
938 2833 1041 2892 ὁπότε
1063 2827 1243 2911 βούλονται
1259 2826 1402 2913 προσελ-

152 2931 237 3007 θεῖν,
261 2933 389 2992 τούτων
414 2922 448 2993 σί
476 2931 564 2993 πάνυ
589 2928 840 3016 φροντίζουσιν
866 2936 922 3007 οὓς
946 2923 977 2995 δ’
1005 2935 1044 2994 ἀν
1068 2930 1123 2994 διά
1138 2936 1258 3016 χρόνον
1283 2929 1402 2992 ἴδωσιν

151 3033 168 3116 ἢ
191 3029 422 3118 μηδεπώποτε
444 3038 638 3119 ἑωρακότες,
664 3037 751 3119 πρός
773 3037 920 3110 ἐκείνους
941 3041 1133 3120 τρέπονται.
1179 3036 1261 3096 ὅθεν
1283 3037 1403 3119 ἥκιστα

153 3132 344 3220 ὠφελοῦντο
366 3139 434 3198 ύπό
457 3145 519 3198 τού
531 3139 714 3217 Διογένους
730 3138 926 3221 Κορίνθιοι,
949 3137 1109 3223 καθάπερ
1126 3140 1166 3200 ἀν
1182 3139 1213 3199 εί
1228 3145 1404 3211 νοσοῦντες

153 3234 398 3322 ἐπιδημοῦντος
421 3241 541 3323 ίατρού
560 3241 604 3324 μη
628 3237 824 3323 προσῄεσαν
847 3231 921 3300 ἀλλ’
947 3236 1100 3319 ἐνόμιζον
1120 3242 1231 3301 ἱκανόν
1248 3239 1405 3302 εἶναικαὶ

116 3343 188 3402 svo
211 3342 290 3424 δριῖν
314 3333 414 3402 αὐτόν
437 3343 471 3402 ἑν
494 3349 535 3424 τῇ
559 3337 667 3401 πόλει.
718 3348 785 3402 τῶν
813 3339 848 3403 δέ
872 3338 982 3402 ἀλλων
1007 3344 1040 3402 οἱ
1061 3344 1234 3426 μακρόθεν
1256 3340 1439 3422 μάλιστα5

238 3536 413 3612 1κατεόηΡ
500 3532 668 3615 3δνπερΠ
747 3537 883 3613 ύῆιύηῑί
960 3537 1162 3599 ῖκινόυνεόειν
1180 3547 1336 3613 φοβεῖσθαι
1354 3539 1403 3596 UB

152 3630 213 3693 (om.
233 3630 293 3693 καὶ)
346 3630 360 3681 8
377 3622 447 3684 τότε
464 3627 615 3682 Hsmsterh.
635 3628 692 3696 (qui
709 3622 815 3692 αὐτοὺς
826 3625 918 3693 addit),
937 3617 1057 3691 τούτους
1069 3626 1131 3680 libri
1193 3630 1242 3682 καί
1260 3621 1370 3682 εἶναιλί

152 3715 166 3766 9
183 3710 287 3783 μέχρισ
299 3710 347 3765 UB
364 3711 462 3784 μέχρις
474 3707 511 3770 ἀν
522 3708 730 3784 διιοστέλληται
742 3710 962 3778 Jacobs-Pfiugk.
1015 3704 1182 3767 δποστέλλει
1199 3711 1273 3766 UBV
1286 3711 1405 3766 fortasse

152 3810 244 3852 serum
332 3801 362 3852 10
380 3797 462 3852 scrib.
482 3795 514 3854 έν
531 3807 594 3864 τοῖς
611 3794 754 3864 τοιούτοις
772 3797 859 3852 deleto
884 3800 1042 3869 διατριβαῖς
1122 3801 1153 3850 12
1172 3791 1268 3868 ἔλεγεν
1285 3795 1335 3852 VU

152 3877 318 3938 ἐπισκοπων
339 3881 363 3936 V
464 3880 666 3953 έπιπλήττοιτο
692 3887 744 3941 τοῦ
764 3882 810 3936 ΡΥ
833 3877 1034 3952 δπιττλήττοιτο
1054 3901 1088 3938 το
1107 3884 1160 3938 τοῦ
1178 3881 1225 3936 UB
1314 3870 1405 3937 δτι-

151 3961 237 4032 κυνὸς
264 3971 394 4036 corrupta
416 3971 492 4036 sunt3
520 3968 651 4025 fortasse:
683 3959 728 4026 δτι
752 3964 910 4039 ἐπιτηδεύοι
933 3961 968 4023 τὸ
994 3971 1046 4024 τοῦ
1067 3962 1152 4023 κυνός
1249 3968 1278 4018 13
1303 3960 1346 4022 διὰ
1372 3994 1405 4004 -

153 4043 317 4110 ἀπεκάλουν
327 4052 492 4121 interpolata
509 4055 607 4108 seclusi
664 4050 720 4126 γὰρ
739 4048 790 4126 τὴν
808 4052 855 4107 UB
924 4055 973 4108 καί
991 4055 1042 4108 τοῖι
1062 4050 1108 4105 UB
1181 4055 1211 4104 15
1229 4045 1406 4121 κακούργοισ

151 4140 200 4194 καί
215 4138 370 4194 κακίστοισ
386 4137 456 4205 libri,
474 4154 544 4194 corr.
563 4139 644 4208 Emp.
724 4143 755 4193 19
773 4133 894 4211 κράνιον
912 4136 959 4191 UB
1048 4129 1101 4192 οδσ
1118 4131 1155 4193 ἀν
1173 4128 1254 4192 αὐτοὶ
1271 4135 1342 4198 libri,
1362 4127 1406 4191 ἀεί

152 4237 201 4290 pro
220 4215 304 4281 αὐτοὶ
320 4223 421 4278 Jacobs
491 4228 523 4277 20
540 4223 731 4291 βλέπουσαί
805 4223 954 4292 νομίζουσι
972 4218 1046 4293 ῥᾶον
1065 4215 1196 4277 εἶναιΰΒ
1268 4223 1300 4273 22
1319 4216 1403 4291 δορα·

150 4304 236 4374 κότες
253 4308 280 4364 V
357 4313 389 4364 23
408 4309 435 4366 εί
450 4306 657 4380 έπιδημοῦντοσ
676 4308 723 4363 UB
817 4302 953 4373 καθάπερ
972 4301 1008 4362 ἀν
1026 4306 1052 4364 εί
1069 4321 1102 4360 ex
1120 4305 1189 4360 coni.
1209 4305 1320 4375 seripsi3
1344 4304 1407 4358 libri

149 4389 286 4468 καθάπερ
304 4392 333 4450 οὶ
415 4398 448 4448 24
467 4391 498 4450 o‘c'
511 4414 544 4466 γε
564 4388 628 4451 οὐδὲ
650 4410 700 4463 pro
723 4389 761 4464 μὴ
779 4392 826 4446 ΡΥ
913 4392 1073 4462 προσίεσαν
1091 4385 1169 4464 πρὸσ
1188 4382 1279 4447 αὐτὸν
1297 4381 1364 4447 ἀλλ’
1384 4387 1406 4442 P

152 4478 209 4545 (sed
226 4475 306 4553 πρὸσ
324 4472 413 4536 αὐτὸν
431 4479 557 4545 deletum)
