3068 5160
655 327 792 382 ORATIO
809 327 936 384 XXXIV.
1356 331 1418 390 327

116 498 436 586 Ιλταλιιφθήσεται
463 505 536 575 τοῖς
566 502 826 582 ἀγνωμονοῦσιν.
871 505 910 564 τύ
934 500 970 566 δὲ
993 501 1131 590 πλῆθος
1154 505 1419 584 ἀπεχθάνεσθαι

158 606 218 669 καὶ
239 604 352 665 πάντα
375 596 541 677 ἐξετάζειν
564 603 622 682 οάχ
644 605 729 687 ύπδρ
752 605 845 683 ὑμῶν
867 605 969 666 έστιν.
1008 605 1066 667 έάν
1088 606 1150 689 γάρ
1166 602 1297 687 ἀλόγως
1312 607 1419 668 ἐνίοτε

160 701 312 790 ἐγκαλεῖν
336 699 455 787 δόξητε
476 705 535 765 καί
554 725 607 778 τις
629 707 721 784 ὑμῶν
744 710 977 790 περιγένηται·
1008 703 1064 769 διὰ
1091 704 1222 781 πολλάς
1245 699 1278 769 δ>
1303 709 1344 769 ἀν
1368 709 1418 768 αἰ-

160 810 239 883 τίας
260 814 360 868 τούτο
385 807 550 890 συμβαίη·
575 802 709 869 δέδοικα
727 810 772 892 μη
789 805 912 882 τελέως
926 805 1123 893 ἀποβάλητε
1138 811 1197 893 τὴν
1214 809 1417 894 παρρησίαν.

122 912 262 995 όόράτε
291 905 328 970 δὲ
357 908 437 981 τούς
465 909 546 991 περὶ
573 911 633 993 την
659 900 809 986 Ἰωνίαν,
838 912 891 972 ότι
916 906 1060 994 μηδενὸς
1082 907 1201 985 ἁπλῶς
1222 915 1418 994 κατηγορεῖν

160 1011 390 1097 ίψηφίσαντο.
430 1006 487 1071 δεῖ
497 1006 536 1094 δὴ
553 1012 632 1084 τούς
648 1018 725 1072 νοῦν
747 1012 884 1089 ἔχοντας
907 1013 1042 1074 ἅπαντα
1063 1020 1168 1073 ταῦτα
1183 1013 1418 1097 προορᾶσθαι,

159 1115 219 1177 καί
245 1115 290 1198 μὴ
318 1112 480 1195 καθάπερ
509 1113 588 1186 τούς
611 1113 774 1194 ἀπείρους
795 1114 830 1173 ἐν
853 1110 901 1193 τῷ
923 1114 1097 1192 μάχεσθαι
1119 1111 1247 1198 ῥηιδίως
1270 1116 1419 1199 ἀφέντας

161 1218 202 1279 τδ
225 1216 336 1299 παρὸν
359 1214 475 1287 αὐτοῖς
497 1210 667 1288 ἀνόπλους
689 1212 778 1274 εἶναι
799 1215 838 1274 τδ
862 1211 984 1276 λοιπδν
1006 1217 1063 1277 καί
1083 1213 1188 1300 μηδὲν
1210 1217 1296 1295 ἔχειν
1318 1224 1417 1301 ποιη-

163 1333 234 1394 σαι,
249 1308 331 1400 μηδ’
349 1316 390 1376 ἀν
402 1316 609 1399 ἀποσφάττῃ
622 1336 683 1388 τις.
707 1316 813 1375 έκεῖνο
826 1320 944 1394 μέντοι
957 1313 1109 1378 καθόλου
1123 1314 1217 1398 λέγω,
1233 1320 1292 1403 την
1304 1321 1418 1380 τοιαύ-
1430 1321 1470 1382 40

116 1432 141 1485 ιο
161 1439 224 1502 την
245 1418 408 1479 ἀνάτασιν
428 1413 594 1500 μηδαμῶς
618 1420 811 1501 συμφέρειν,
833 1409 917 1478 καθ’
942 1418 982 1501 ἢν
1006 1415 1101 1480 οὐδὲν
1120 1427 1267 1504 ποιῆσαι
1283 1417 1418 1501 διεγνω-

160 1523 257 1595 κότες
279 1521 329 1594 είς
350 1521 507 1601 ὑποψίαν
530 1518 673 1602 ἔρχεσθε
695 1524 768 1592 τοῖς
789 1521 968 1602 ἡγεμόσιν·
992 1511 1069 1580 ἀλλ’
1095 1519 1132 1581 δν
1154 1522 1215 1599 μέν
1231 1522 1271 1582 ἀν
1286 1522 1418 1605 κρίνητε

162 1618 410 1706 ἐξαιρήσεσθαι
430 1622 487 1684 καί
504 1617 586 1704 δοκῇ
601 1627 741 1682 τοιαῦτα
758 1617 896 1697 ἀδικεῖν,
921 1621 1008 1682 ὥστε
1023 1626 1260 1705 παραπέμψαι
1274 1625 1318 1707 μη
1338 1640 1418 1702 συμ-

163 1727 297 1809 φέρειν,
325 1730 445 1785 τούτον
469 1724 515 1796 ὡς
537 1718 763 1802 ἐξελέγξοντες
786 1717 1104 1803 παρασκευάζεσθε,
1126 1725 1183 1784 καί
1204 1725 1264 1808 τη“ν
1285 1726 1419 1807 γνώμην

160 1825 267 1896 εύθύς
289 1825 378 1899 ἔχετε
402 1827 449 1897 ὡς
471 1824 558 1906 πρὸς
579 1822 704 1904 ἐχθρόν
726 1823 783 1883 καὶ
804 1820 1068 1903 ἐπιβουλεύοντα
1091 1825 1178 1902 ύμῖν.
1217 1826 1298 1906 περὶ
1320 1823 1362 1885 ού
1383 1817 1416 1886 δ’

116 1937 137 1989 ’.ό
161 1923 204 1985 ἄν
233 1919 344 1998 άλλως
371 1933 539 2009 προνοῆτε
562 1943 579 1980 ε
601 1920 705 2007 μηδὲν
734 1924 753 2007 ἢ
782 1926 826 2009 μὴ
850 1921 978 2005 μεγάλα
1001 1926 1205 2008 άμαρτάνειν
1230 1920 1284 2009 <η>
1307 1916 1353 1986 δι’
1379 1927 1419 2010 ἢν

162 2022 292 2110 δήποτε
314 2027 427 2088 αἰτίαν
441 2029 486 2112 μὴ
510 2020 665 2109 νομίζητε
681 2023 876 2110 ἐπιτήδειον
891 2025 988 2102 εἶναι,
1013 2035 1132 2088 τοῦτον
1147 2023 1231 2110 μηδὲ
1248 2022 1419 2109 ἐρεθίζετε

160 2125 247 2211 μηδὲ
277 2130 327 2204 είς
355 2131 455 2214 όργην
482 2129 567 2190 κατά
597 2136 657 2212 της
685 2124 819 2201 πόλεως
847 2129 959 2208 άγετε·
989 2129 1104 2212 ὥσπερ
1136 2127 1232 2207 οἶμαι
1259 2129 1301 2189 τά
1330 2130 1416 2213 βάρη
1430 2132 1475 2196 41

161 2223 271 2308 ταῦτ’,
294 2232 335 2293 ἀν
356 2233 417 2311 μὲν
434 2228 568 2316 σφόδρα
591 2225 689 2313 πιέζη
709 2230 765 2290 καί
780 2228 965 2307 ἀνέχεσθαι
979 2232 1024 2315 μη
1043 2227 1234 2309 δυνώμεθα,
1258 2225 1419 2315 ζητοῦμεν

162 2333 211 2407 ὡς
232 2335 373 2410 τάχιστοι
396 2335 604 2417 ἀπορρῖψαι,
626 2333 771 2416 μετρίως
791 2327 826 2391 δὲ
842 2326 1077 2409 ἐνοχλούμενοι
1093 2333 1148 2393 καὶ
1163 2333 1306 2415 δρῶντες
1321 2334 1419 2414 ἀνάγ-

116 2450 222 2518 ῶκην
246 2434 349 2496 οὖσαν
372 2439 487 2519 φέρειν
509 2436 528 2518 ἢ
552 2441 652 2495 τούτο
673 2434 693 2517 ἢ
716 2427 830 2513 μεῖζον
854 2435 983 2516 ἕτερον,
1015 2441 1204 2513 σκοποῦμεν
1228 2435 1274 2508 ὡς
1295 2436 1419 2519 κουφό-

163 2557 251 2596 τατα
274 2537 425 2598 ἐπέσται.
462 2539 567 2597 ταῦτά
591 2533 666 2598 έστι
690 2537 933 2620 σωφρονούσης
956 2532 1099 2609 πόλεως.
1137 2537 1244 2608 οὕτως
1265 2537 1321 2596 καί
1340 2536 1419 2616 ἀγα-

165 2639 335 2722 πήσουσιν
355 2639 438 2717 ἀμάς
461 2640 496 2699 οἱ
518 2636 736 2712 πλείουςκαὶ
759 2637 949 2721 φοβήσεταί
969 2657 1022 2709 τις
1045 2633 1182 2711 ἀδικεῖν,
1204 2637 1261 2696 καὶ
1277 2631 1353 2715 (ori)
1373 2639 1418 2720 μη

162 2735 302 2824 πλῆθος
328 2736 445 2802 ἄδικον
466 2738 551 2825 μηδὲ
581 2738 760 2821 ἀλόγιστον
784 2735 880 2816 όχλον
902 2738 986 2816 ὑμᾶς
1009 2737 1211 2814 νομίσωσιν,
1243 2738 1329 2819 ὁρμῇ
1351 2757 1420 2798 τινι

159 2841 217 2902 καί
236 2839 327 2925 φορᾷ
346 2844 528 2925 χρώμενον.
566 2843 660 2903 τουτί
681 2843 742 2920 μέν
764 2843 838 2924 γάρ,
862 2840 880 2900 ύ
903 2843 1004 2899 ποιεῖ
1020 2845 1077 2899 νῦν
1100 2839 1118 2898 ἀ
1140 2840 1314 2921 πρύτανις,
1339 2831 1470 2917 [καὶ]42

116 2957 140 3007 b
163 2939 339 3017 παντελῶς
350 2944 492 3058 ἀνόητον
504 2940 543 3028 ἦν
559 2946 610 3020 ἀν,
627 2945 658 3005 εί
672 2945 728 3004 καὶ
744 2940 951 3025 διεγνώκειτε
961 2945 1173 3025 κατηγορεῖν·
1189 2937 1331 3024 μηδέπω
1343 2943 1419 3019 μέν·

161 3047 383 3129 τοιεκαιρδς
414 3068 434 3129 η
467 3053 622 3130 φανερῶς
646 3047 752 3118 ούτως
777 3042 1009 3130 διαφέρεσθαι
1030 3045 1087 3105 καί
1108 3040 1294 3128 προλέγειν.
1341 3034 1416 3102 ἀλλ’

249 3297 261 3345 1
280 3286 483 3366 άγνωμονούσι
500 3299 559 3354 UT.
587 3293 678 3346 malim
697 3289 912 3365 ἁμαρτάνουσιν
981 3295 1092 3362 πλῆθος
1111 3297 1282 3359 corruptum
1305 3289 1417 3348 πλείοσι

160 3375 204 3432 vel
213 3382 333 3446 πολλοῖς
343 3381 459 3436 Οεεειιλι.
507 3381 631 3453 θδόξητε
641 3379 749 3442 Reiske,
763 3375 859 3443 δόξετε
869 3377 949 3433 UBM
960 3371 1094 3441 δόξατεΤ
1139 3380 1155 3427 4
1168 3369 1385 3448 ἀποβάλλητεΤ

163 3467 179 3516 5
198 3458 296 3530 ἁπλῶς
308 3465 414 3534 scripsi,
433 3461 538 3532 αὖτοὺς
549 3467 603 3520 ΒΜ
616 3457 720 3528 αὐτοὺς
730 3463 779 3518 UT
828 3467 843 3515 8
861 3459 896 3518 τὸ
915 3456 1012 3533 παρὸν
1025 3451 1260 3530 αὐτοῖς<άπλον>
1272 3460 1372 3514 Reiske
1383 3455 1418 3515 τδ

162 3545 274 3606 παλτόν
281 3550 343 3604 Wil.
386 3556 415 3606 10
426 3543 567 3609 άνάτασιν
572 3550 705 3613 Valesius,
716 3541 875 3604 άνάστασιν
883 3545 953 3600 libri.
963 3546 1025 3600 fort.
1034 3538 1201 3600 ἀντίστασιν
1244 3549 1272 3596 11
1283 3541 1420 3617 ἔρχεσθαι

160 3633 216 3688 ΒΜ
264 3639 295 3689 12
307 3631 823 3709 έξαιρήσασθαιΒέξερίσασθαιΜαι.
835 3648 876 3700 pr.
911 3625 1130 3700 έξαιρήσεσθεΤ
1182 3623 1237 3685 κάν
1245 3645 1295 3697 pro
1304 3628 1385 3684 καὶΤ

160 3722 243 3775 δοκεῖ
251 3719 333 3775 ΠΒΜ
395 3720 600 3792 παραπέμψειν
612 3719 681 3784 libri,
701 3733 771 3772 corr.
784 3716 886 3770 Reiske
952 3717 981 3767 13
999 3711 1239 3784 έξελέγξονταςΜ
1304 3719 1336 3767 14
1354 3716 1420 3781 περὶ

161 3797 247 3861 οὐδὲν
265 3797 329 3862 ἀλλ’
348 3798 388 3871 ὥς
404 3805 475 3872 libri,
494 3821 563 3860 corr.
582 3806 661 3873 Emp.
733 3808 764 3857 15
781 3809 936 3875 προνοεῖτε
953 3799 1028 3854 UBT
1079 3799 1178 3852 lacuna
1196 3801 1258 3867 post
1275 3802 1420 3870 προνοῆτε

161 3891 204 3943 οἱα
223 3888 283 3942 fere
304 3891 438 3958 explenda
464 3895 520 3945 est:
545 3892 611 3958 περὶ
636 3879 670 3945 οὗ
695 3881 723 3944 δ’
749 3881 786 3944 ἀν
808 3883 901 3952 άλλως
923 3887 1068 3958 προνοῆτε
1091 3878 1300 3954 (γενησόμενον
1324 3878 1361 3940 ἀν
1384 3877 1418 3939 τὸ

161 3968 289 4045 έγκλημα
307 3969 351 4031 διά
372 3970 421 4042 τὸ)
437 3973 523 4047 μηδὲν
541 3979 592 4030 etc.
667 3969 765 4045 ἢαδύ.
785 3971 887 4026 Reiske
964 3974 996 4022 16
1015 3968 1149 4038 νομίζητε
1168 3967 1275 4032 Reiske‚
1294 3968 1420 4035 νομίζειν

160 4058 225 4112 libri
321 4075 373 4128 pro
390 4056 550 4131 ἐπιτήδειον
568 4058 657 4112 malim
676 4051 846 4114 εὐεπίθετον
951 4057 982 4107 18
1005 4073 1022 4122 η
1045 4053 1075 4106 in
1098 4050 1180 4122 πιέζῃ
1202 4051 1352 4106 erasumU

163 4147 196 4199 20
213 4139 232 4215 ἢ
250 4143 277 4202 εἰ
293 4139 398 4202 τούτου
414 4148 515 4214 μεῖζον
533 4144 607 4200 UBT
711 4139 812 4214 ἑτέρου
829 4140 878 4194 ΒΤ
976 4142 1005 4191 21
1026 4135 1145 4192 ἐπέσται
1163 4136 1279 4202 ὃελδεο,
1298 4130 1420 4192 ἕπεσθαι

161 4229 232 4284 libri.
268 4229 376 4286 θέσθαι
393 4230 537 4299 Emporias
617 4231 650 4282 22
668 4222 703 4283 ού
720 4225 782 4281 add.
801 4223 919 4279 Dindorf
1003 4226 1035 4275 23
1054 4223 1213 4290 νομίσωσιν
1230 4220 1322 4285 vind„
1341 4220 1420 4288 νομί-

161 4317 251 4383 ζωσιν
268 4315 331 4370 libri
399 4321 462 4384 post
481 4309 557 4385 δρμῇ
574 4333 628 4369 τινι
645 4315 694 4368 καί
711 4313 794 4389 φορηὶ
811 4309 973 4364 adiectivum
991 4305 1160 4361 desideratur
1230 4309 1263 4359 24
1279 4301 1421 4377 χράμενοι

161 4395 392 4475 ΠχριάμενοιΤ
479 4402 529 4456 καὶ
546 4403 609 4452 ante
627 4401 775 4462 παντελῶς
793 4394 892 4450 seclusi
978 4397 1010 4446 25
1028 4390 1143 4463 μηδέπω
1160 4390 1259 4460 μέντοι
1277 4393 1421 4464 (βεβαίως

162 4489 251 4544 τοῦτο
270 4485 485 4559 προηρημένοισ
503 4488 565 4550 πῶς
583 4479 632 4552 ἀν)
649 4477 752 4555 καιρὸς
769 4477 811 4552 εἴη
828 4485 881 4534 etc.
958 4481 990 4532 26
1009 4475 1180 4548 διαφέρεσθε
1199 4475 1222 4528 Τ
