3068 5160
660 325 797 382 ORATIO
815 325 916 382 XXXI.
1356 327 1417 387 255

162 501 223 565 λοῦ
243 505 426 586 τετύχηκεν,
450 500 717 585 ὁμολογούμενον
741 499 776 564 δὲ
798 505 902 582 μόνον
924 499 1072 579 μάλιστα
1095 502 1179 580 μετά
1202 504 1281 577 τούς
1304 504 1418 587 ἀρχαί-

162 627 220 679 ους
243 601 443 678 ἀκολούθως
465 605 664 685 βεβιωκέναι
686 609 759 678 τοῖς
783 601 905 685 λόγοις,
927 599 1127 665 καταλιπεῖν
1151 605 1210 687 τὴν
1233 602 1335 667 πόλιν
1363 607 1419 666 καί

161 703 289 786 μάλλον
312 703 455 767 ἑλέσθαι
483 703 668 789 διατρίβειν
698 701 863 783 ἀλλαχόσε
892 714 952 790 τῆς
971 698 1135 778 Ἑλλάδος.
1181 698 1257 766 ἀλλ’
1291 697 1348 767 οὐκ
1377 708 1418 767 ἀν

161 811 265 887 ὑμεῖς,
289 799 554 891 άνδρεςῬόδιοι,
576 814 731 869 τοιοῦτον
748 799 851 868 οὐθὲν
873 809 1105 886 ὑπομείναιτε,
1129 799 1215 886 παρ’
1242 807 1293 880 οίς
1315 810 1418 887 νόμος

123 911 235 974 σέστί
257 910 315 972 τόν
339 906 503 993 δημόσιον
525 906 698 993 μηδέποτε
721 906 892 970 εἰσελθεῖν
924 911 973 983 εἰς
1000 911 1060 994 τῆν
1089 905 1199 969 πόλιν.
1244 910 1336 984 τίνος
1361 910 1417 972 οὖν
1436 909 1496 972 123

163 1015 256 1073 ένεκα
285 1012 525 1095 ἐπεμνήσθην,
555 1012 593 1071 ού
621 1011 668 1091 μά
698 1013 756 1072 τόν
778 1012 847 1072 Δία
878 1007 1079 1096 λοιδορῆσαι
1106 1002 1312 1090 βουλόμενος
1341 1013 1419 1085 τούς

160 1105 382 1197 Ἀθηναίους·
413 1114 609 1174 τούναντίον
639 1112 700 1195 γάρ
731 1119 836 1175 πᾶσιν
866 1109 971 1175 ἐλεεῖν
1002 1113 1123 1185 αύτούς
1145 1113 1324 1194 ἐπέρχεται
1346 1118 1419 1186 τοῖς

163 1215 331 1297 μετρίοις·
355 1205 432 1274 ἀλλ’
458 1216 553 1288 όπως
577 1205 693 1299 εἰδῆθ’
719 1217 773 1277 ότι
796 1212 918 1276 λοιπόν
940 1217 1019 1294 ὑμῖν
1039 1215 1076 1274 ού
1093 1216 1180 1296 πρὸς
1196 1215 1342 1288 ἐκείνους
1364 1216 1418 1275 ἐσ-

165 1319 216 1378 τίν
240 1318 258 1376 ό
282 1313 397 1397 λόγος,
428 1313 513 1376 ἀλλά
544 1318 631 1400 πρός
659 1318 746 1395 ὑμᾶς
779 1307 901 1390 αὐτούς
922 1318 979 1378 καί
1000 1323 1067 1377 τῶν
1090 1311 1201 1376 ἀλλων
1225 1313 1330 1388 εἴτις
1354 1332 1418 1376 σω-

116 1435 142 1484 10
167 1423 295 1502 φρονεῖ.
340 1419 453 1479 καίτοι
482 1420 594 1479 πάντα
622 1421 685 1479 όσα
709 1420 750 1480 ἀν
776 1416 872 1480 εἴποι
894 1439 947 1491 τις
968 1418 1053 1478 κατὰ
1072 1409 1268 1500 Ἀθηναίων
1290 1418 1309 1501 ἢ
1333 1418 1417 1478 κατά

164 1517 449 1598 Λακεδαιμονίων
471 1520 490 1603 ἢ
513 1511 598 1580 καθ’
625 1518 670 1581 ὧν
695 1517 839 1604 δῆποτε,
868 1508 952 1602 παρ’
988 1519 1040 1593 οῖς
1070 1515 1155 1579 ἀλλα
1178 1519 1254 1580 τινά
1279 1516 1418 1604 φαύλως

165 1624 233 1700 ἔχει
254 1622 310 1682 καί
334 1617 468 1705 σφόδρα
493 1617 674 1703 ὀλιγώρως,
701 1623 777 1700 ἐμοὶ
801 1625 1070 1701 συναγωνιεῖται·
1094 1622 1132 1681 τδ
1155 1621 1217 1701 γάρ
1241 1627 1308 1682 τῶν
1331 1619 1417 1683 εἰκό-

165 1744 230 1784 νιον
254 1713 312 1782 οὐκ
334 1722 409 1783 ἔστι
432 1714 518 1805 παρ’
546 1713 661 1795 αὐτοῖς
685 1719 769 1783 ἰδεῖν
794 1723 880 1782 οὕτω
897 1718 1107 1802 γιγνόμενον·
1131 1712 1222 1783 ὥσθ’
1248 1725 1317 1804 ὅγε
1332 1720 1417 1807 μηδὲ

165 1816 249 1908 παρ’
282 1825 423 1898 ἐκείνοις
455 1821 685 1908 ἁμαρτάνεται
706 1828 779 1897 τοῖς
802 1821 952 1902 ἐσχάτως
975 1820 1176 1884 ἀπολωλόσι
1199 1831 1273 1898 πῶς
1297 1817 1354 1886 οὐκ
1377 1827 1417 1886 ἀν

116 1946 143 1994 [5
165 1922 355 2009 ύπερβολῆν
378 1946 453 1986 τινα
477 1926 548 2002 ἔχοι
570 1933 629 2009 τῆς
652 1926 818 2000 ἀτοπίας;
906 1925 957 1985 ἔτι
973 1921 1008 1986 δέ
1024 1922 1152 2002 μᾶλλον
1169 1915 1253 1986 αὗτά
1277 1927 1318 1986 τά
1338 1928 1418 2010 περὶ
1438 1929 1499 1990 124

166 2028 227 2100 τάς
242 2027 343 2106 τιμάς
359 2026 599 2109 παρατεθέντα
617 2024 838 2088 ἀποδείκνυσι
853 2034 963 2088 τοῦτο.
1002 2027 1032 2087 εἰ
1047 2026 1109 2109 γάρ
1126 2028 1164 2086 τό
1181 2033 1248 2087 τῶν
1264 2035 1320 2089 νῦν
1343 2049 1417 2088 τινα

168 2136 387 2211 παραστῆσαι
416 2134 483 2188 τῶν
506 2128 654 2210 ἀρχαίων
680 2129 748 2189 τινί
771 2125 867 2190 δοκεῖ
886 2125 1013 2204 δεινόν,
1044 2125 1143 2209 πόσῳ
1169 2124 1358 2213 δεινότερον
1380 2131 1418 2189 τό

169 2232 275 2303 οὕτως
292 2225 489 2313 ἀφελέσθαι
504 2229 579 2290 τινά
603 2229 737 2291 ἐκείνων
760 2239 820 2315 τῆς
843 2239 951 2314 τιμῆς,
975 2232 1062 2291 ὥστε
1082 2235 1183 2313 ἑτέρῳ
1209 2227 1343 2305 δούναι,·
1364 2232 1420 2292 καί

169 2333 199 2391 εἰ
221 2333 259 2391 τό
283 2331 387 2410 όνομα
410 2328 605 2415 ἐπιγράψαι
626 2333 719 2406 τινός
742 2329 831 2414 ἀλλην
856 2352 901 2413 τφ
927 2329 1015 2393 πολύ
1041 2330 1197 2394 ἐλάττονι
1220 2329 1420 2416 τηλικαύτην

116 2454 144 2503 20
167 2429 377 2513 κατάγνωσιν
408 2436 521 2517 φέρει,
550 2435 589 2494 τό
619 2430 802 2516 ἐξαλεῖψαι
829 2436 885 2496 καί
917 2431 1046 2496 ἀνελεῖν
1076 2437 1114 2496 τό
1137 2441 1200 2496 τοῦ
1219 2435 1419 2516 κρείττονος,

167 2535 225 2595 ἐὰν
250 2535 336 2594 οὕτω
359 2536 449 2617 τύχη,
473 2532 577 2597 ποῖόν
599 2557 633 2597 τι
657 2536 848 2621 φαίνεσθαι
870 2531 1020 2616 νομίζετε
1028 2559 1039 2611 ,·
1150 2537 1206 2596 καί
1227 2537 1292 2620 μῆν
1316 2534 1421 2610 εἴτις

168 2638 250 2714 ὑμᾶς
272 2637 436 2710 Καυνίοις
458 2635 666 2721 ἢΜυνδίοις
688 2639 828 2716 ὁμοίους
851 2636 940 2699 εἶναι
963 2635 1062 2718 λέγοι,
1088 2633 1222 2721 σφόδρα
1247 2637 1421 2720 ὀργιεῖσθε

167 2739 223 2798 καί
245 2734 460 2821 βλασφημεῖν
484 2733 584 2801 αὐτόν
606 2740 777 2823 ῆγῆσεσθε
806 2740 890 2799 κατά
920 2748 979 2824 τῆς
1008 2735 1159 2812 πόλεως·
1190 2745 1265 2812 πῶς
1294 2741 1335 2800 ἀν
1366 2739 1422 2800 οὖν

124 2859 157 2910 κ)
171 2831 229 2900 ἔθ’
255 2841 332 2918 ύμῖν
356 2837 545 2921 ἀπολογίαν
567 2842 643 2902 τινὰ
668 2845 769 2924 φέροι
791 2841 872 2924 περί
894 2860 985 2914 τινος
1008 2847 1074 2901 τῶν
1095 2831 1180 2923 παρ’
1205 2841 1283 2919 ὑμῖν
1305 2843 1343 2902 τδ
1366 2842 1423 2903 καί

116 2958 146 3007 25
169 2932 254 3022 παρ’
280 2942 422 3014 ἐκείνοις
446 2934 527 3003 αότδ
551 2942 748 3023 γίγνεσθαι,·
771 2939 930 3026 καθάπερ
954 2943 985 3003 εἰ
1006 2943 1062 3003 καί
1077 2941 1118 3002 τά
1135 2943 1225 3025 τείχη
1243 2964 1296 3016 τις
1312 2941 1421 3004 οἰόιτο
1440 2950 1501 3013 125

171 3039 240 3102 δεῖν
265 3039 364 3102 λύσαι
386 3043 428 3101 τά
452 3035 537 3126 παρ’
568 3044 646 3120 ύμῖν
675 3045 774 3126 ῆκαί
796 3044 1055 3104 καταπίπτοντα
1078 3045 1150 3120 ἐοῖν,
1181 3046 1234 3106 ότι
1255 3045 1312 3106 καί
1334 3033 1420 3128 παρ’

171 3147 300 3224 ἑτέροις
323 3147 492 3218 πέπτωκε,
515 3139 642 3221 μᾶλλον
667 3141 702 3204 δὲ
726 3151 814 3205 πᾶσι
837 3148 909 3216 τοῖς
933 3140 1050 3218 ἀλλοις
1074 3143 1202 3224 σχεδόν.
1246 3147 1359 3207 καίτοι
1381 3146 1422 3206 τά

170 3246 230 3322 μὲν
254 3245 344 3327 τείχη
371 3241 427 3304 διά
450 3245 509 3327 τῆν
532 3245 664 3327 εἰρῆνην
694 3247 750 3307 καί
777 3247 837 3330 τῆν
867 3241 1020 3306 δουλείαν
1049 3249 1147 3323 ἐᾶται
1176 3239 1261 3331 παρ’
1295 3239 1420 3325 αὐτοῖς,

172 3345 217 3406 ὥν
241 3347 279 3406 τδ
302 3347 362 3424 μὲν
386 3347 534 3419 ἅπαντες
557 3345 720 3424 εύχονται,
746 3349 805 3431 τῆν
828 3348 977 3431 εἰρήνην,
999 3348 1037 3408 τό
1063 3345 1097 3409 δέ
1123 3345 1244 3411 λοιπόν
1268 3341 1327 3411 οὐκ
1349 3351 1422 3410 ἔστι

120 3465 149 3514 30
172 3449 291 3521 κακίας
316 3453 470 3531 σημεῖον·
500 3449 537 3508 τό
563 3445 598 3508 δὲ
623 3453 696 3522 τοῖς
719 3445 882 3522 παλαιοῖς
904 3455 971 3510 τῶν
994 3437 1173 3532 εὐεργετῶν
1203 3452 1289 3511 ούτω
1320 3466 1425 3533 προσ-

255 3720 426 3799 3άλλαχόσ
448 3748 480 3784 τε
503 3730 532 3782 Μ
641 3722 879 3803 4οίάνδρεσΒ
990 3724 1175 3800 ὑπομείναιτε
1197 3730 1235 3797 Τ,
1257 3725 1426 3799 δπσμείνετε

172 3813 250 3867 UBM
354 3814 525 3870 5ἐλύεῑνίί
612 3815 656 3872 εἰσ
673 3815 767 3871 om.T
855 3809 1071 3887 θὺκεμνήσθην
1088 3815 1165 3882 libri,
1190 3830 1260 3870 corr.
1278 3816 1358 3884 Emp.

172 3894 278 3953 τελεῖν
296 3897 326 3950 Μ
431 3892 544 3956 ὃδτδ
568 3895 672 3957 λοιπὸν
689 3895 734 3965 (τὸ
757 3900 786 3954 in
803 3916 858 3955 ras.
876 3916 893 3955 a
910 3917 945 3958 m.
963 3900 1058 3970 pr.)U
1083 3891 1128 3956 ὅτι
1152 3894 1185 3956 τὸ
1210 3895 1360 3957 λοιπὸνΤ

174 3987 203 4035 10
226 3984 274 4036 καί
298 3977 333 4037 τά
355 3984 415 4050 (pro
433 3978 518 4049 κατά)
536 3984 567 4039 Μ
672 3992 699 4040 11
719 3978 791 4043 καθ’
817 3981 852 4042 δν
875 3981 1024 4058 δήποτεῑί
1116 3989 1147 4040 12
1168 3977 1312 4057 ἀλιγόρωσ
1330 3985 1361 4038 Μ

174 4071 204 4120 13
223 4059 318 4123 οίίτωσ
339 4068 369 4120 Μ
477 4073 507 4122 14
530 4067 712 4141 ἁμαρτάνετε
733 4072 763 4126 Μ
866 4063 1046 4127 άτιωλωλοίσι
1070 4071 1096 4125 U
1204 4075 1236 4122 15
1260 4090 1324 4126 τινα
1346 4063 1430 4142 ὓπερ·

171 4145 261 4221 βολὴν
287 4152 349 4217 (hoc
372 4153 492 4219 ord.)T
598 4160 629 4209 16
656 4149 918 4213 άπαύεικνύουσιΒ
1032 4159 1094 4224 post
1123 4148 1207 4224 τιμὰς
1236 4155 1428 4223 suppleverim:

172 4229 282 4303 (αὐτῶν
301 4230 510 4310 ἁμαρτήματα)
528 4237 733 4310 παρατεθέντα
820 4245 851 4295 17
870 4237 972 4310 πρόσω
990 4238 1020 4291 Μ
1104 4243 1136 4294 19
1154 4235 1231 4314 άλλη)
1249 4235 1283 4296 τὸ
1305 4240 1336 4293 Μ
1354 4235 1430 4314 άλλη)

172 4325 231 4376 τῶν
249 4323 307 4390 UB,
327 4339 397 4378 corr.
416 4323 517 4378 Reisko
585 4320 706 4382 ἔλαττον
723 4325 753 4380 Μ
822 4330 853 4380 21
873 4324 1049 4397 φαίνεσθεΤ
1119 4327 1152 4378 22
1172 4317 1332 4397 ἀργιεῑσθαι
1350 4323 1379 4377 Μ

172 4410 204 4458 23
223 4401 366 4478 ἡγήσησθε
384 4408 433 4463 UB
451 4402 610 4480 ῆγήσησθαι
628 4410 657 4462 Μ
728 4413 760 4462 24
778 4403 859 4478 ὑμεῖν
876 4409 905 4462 Μ
992 4414 1023 4462 21
1043 4407 1073 4465 δὲ
1089 4424 1142 4464 om.
1160 4408 1190 4461 M
1264 4414 1296 4464 28
1314 4412 1362 4467 καί
1380 4406 1432 4480 τὴν

172 4491 304 4545 δουλείαν
321 4522 353 4530 -
372 4487 423 4561 τὴν
440 4489 551 4564 εἰρήνην
570 4509 620 4549 0111.
640 4495 666 4549 U
735 4497 767 4547 30
787 4485 882 4550 οὕτωσ
899 4494 954 4550 ΠΜ
