3068 5160
166 318 227 378 266
628 317 753 373 DIONIS
771 316 962 373 RHODIACA

80 497 140 560 163
165 511 267 578 στραν
295 495 314 578 ἢ
345 494 528 574 γυμνάσιον
558 489 725 568 ἔλθωσιν,
759 493 859 578 ἦττον
888 493 1073 576 ἀρρύθμως
1106 495 1347 571 κινουμένους·
1384 491 1437 554 ἔτι

165 598 252 680 πρός
274 598 408 670 τούτοις
430 603 489 680 τῆς
504 594 653 680 ἐσθῆτος
669 596 688 656 ὁ
702 597 840 678 τρόπος,
863 597 901 656 τό
918 593 1002 669 ἴσως
1018 596 1058 656 ἀν
1074 615 1142 656 τινι
1156 590 1292 675 γελοῖον
1311 598 1433 678 φανέν,

164 705 223 782 τῆς
247 699 427 781 πορφύρας
451 698 489 759 τδ
511 701 651 780 μέτρον·
681 697 722 759 τά
753 698 970 779 φανερώτερα
993 693 1073 782 ἤδη,
1103 697 1142 758 τδ
1164 686 1251 775 μεθ’
1283 696 1435 780 ἡσυχίας

164 799 320 881 θεωρεῖν,
343 799 362 859 δ
384 802 612 879 ποππυσμός·
636 800 748 860 πάντα
771 806 875 860 ταῦτα
901 801 1022 884 σεμνὴν
1044 800 1104 884 τὴν
1118 794 1220 860 πόλιν
1236 802 1350 876 ποιεῖ,
1376 794 1435 860 διά

164 907 268 962 ταῦτα
291 907 357 962 τῶν
380 897 491 963 ἀλλων
516 898 691 986 διαφέρειν
721 898 865 976 δοκεῖτε,
895 902 955 962 έπί
983 903 1118 976 τούτοις
1148 902 1261 962 ἀπασι
1289 900 1466 980 θαυμάᾶ

166 998 278 1080 ζεσθε,
301 1005 501 1086 ἀγαπάσθε·
529 1010 596 1066 τῶν
620 999 772 1082 λιμένων,
795 1009 862 1064 τῶν
885 1009 1013 1082 τειχῶν,
1036 1001 1102 1064 τῶν
1125 1003 1273 1087 νεωρίων
1296 999 1434 1082 μᾶλλον

164 1106 248 1184 ύμυῖς
276 1111 401 1185 κοσμεῖ
422 1108 460 1167 τό
490 1107 524 1167 έν
553 1110 627 1179 τοῖς
657 1105 775 1167 ἔθεσιν
805 1107 944 1189 ἀρχαῖον
966 1106 1022 1166 καλ
1040 1096 1243 1189 Ἑλληνικόν,
1271 1106 1313 1166 τὸ
1340 1096 1431 1190 παρ’

163 1208 241 1285 ύμῖν
268 1208 329 1285 μέν
357 1210 437 1269 όταν
465 1229 517 1282 τις
545 1212 696 1292 γένῃται,
726 1208 830 1282 εύθύς
859 1209 959 1269 αύτόν
989 1207 1166 1288 ἀποβάντα
1190 1203 1338 1284 εἰδέναι,
1368 1208 1432 1270 κάν

165 1310 244 1391 τύχῃ
267 1309 440 1392 βάρβαρος
463 1311 518 1384 ὤν,
542 1312 594 1371 ότι
615 1305 691 1392 <ού>
713 1312 878 1392 πάρεστιν
894 1308 943 1384 εἴς
958 1330 1033 1371 τινα
1057 1305 1159 1370 πόλιν
1180 1317 1239 1394 τῆς
1254 1310 1388 1393 Συρίας
1409 1311 1429 1395 ἢ

161 1418 220 1495 τῆς
250 1407 424 1484 Κιλικίας·
455 1401 540 1495 παρ’
565 1408 682 1486 ἀλλοις
711 1408 746 1473 δὲ
776 1413 816 1474 ἀν
838 1413 883 1496 μή
913 1432 965 1485 τις
995 1412 1119 1494 ἀκούσῃ
1153 1418 1214 1472 τού
1244 1414 1360 1474 τόπου
1391 1415 1431 1476 τό
1451 1423 1474 1475 11

162 1513 282 1589 όνομα,
313 1516 394 1596 φέρε
423 1514 533 1575 εἰπεῖν
563 1516 615 1576 ότι
643 1510 796 1576 καλεῖται
824 1516 973 1576 Λύκειον
1001 1515 1020 1597 ἢ
1048 1505 1279 1598 Ἀκαδήμεια,
1311 1515 1430 1600 μηθέν

162 1611 347 1700 διαφέρειν.

87 1718 148 1781 164
248 1717 340 1791 τίνος
370 1716 427 1779 οδν
453 1719 552 1801 χάριν
584 1723 689 1778 ταῦτα
718 1719 910 1796 παυόμενος
939 1714 1001 1802 ἤδη
1027 1714 1111 1800 λέγω
1133 1718 1190 1779 καὶ
1211 1718 1246 1779 τί
1269 1713 1428 1802 δηλῶσαι

162 1817 366 1901 βουλόμενος
372 1841 384 1894 ,·
406 1821 460 1881 ότι
481 1821 631 1901 τοσούτῳ
650 1815 775 1899 μᾶλλον
790 1822 875 1898 ὑμᾶς
892 1816 1156 1905 φιλοτιμεῖσθαι
1171 1815 1294 1881 δεῖκαὶ
1309 1820 1427 1905 μηθὲν

163 1927 409 2007 παραπέμπειν
432 1919 498 1983 τῶν
524 1926 737 2003 γιγνομένων.
792 1923 853 1984 κάν
883 1923 990 1996 ούτως
1019 1922 1114 2005 ἔχητε
1143 1922 1178 1982 όν
1207 1921 1343 1984 ἅπασιν
1374 1922 1428 1998 οίς
1447 1935 1470 1985 11

162 2027 337 2109 πράττετε,
362 2023 445 2100 ἴσως
469 2025 572 2086 ούθὲν
596 2020 709 2100 δόξετε
727 2019 863 2098 κακίους
879 2022 967 2085 εἶναι
988 2021 1055 2084 τῶν
1078 2025 1264 2107 προγόνων.
1302 2026 1426 2111 τὸγὰρ

161 2129 196 2189 ἑν
225 2129 364 2211 τοιαύτῃ
394 2129 602 2188 καταστάσει
625 2121 866 2210 διαφυλάττειν
896 2128 1036 2200 ἑαυτούς
1057 2127 1114 2187 καῖ
1142 2128 1255 2204 μένειν
1278 2127 1342 2190 ἐπὶ
1365 2135 1429 2190 τού

88 2229 148 2293 165
164 2237 224 2313 τῆς
255 2230 375 2313 ἀρετῆς
406 2229 575 2313 σχήματος
602 2228 804 2307 θαυμαστόν
834 2229 948 2311 ἔμοιγε
984 2225 1090 2290 δοκεῖ·
1124 2227 1286 2312 καθάπερ
1325 2228 1427 2309 οἶμαι

160 2331 216 2392 καί
237 2328 303 2391 τῶν
327 2327 499 2392 πλεόντων
522 2327 607 2392 ἰδεῖν
629 2331 704 2392 έστι
722 2328 887 2410 χειμῶνος
908 2332 970 2410 μέν
985 2330 1246 2414 έπιπεσόντοςῆ
1266 2328 1429 2417 σφοδρού

160 2439 222 2493 τού
243 2434 434 2511 πνεύματος
455 2428 540 2516 μηδὲ
563 2434 642 2506 τούς
657 2427 922 2512 ἀσελγεστάτους
945 2431 1053 2493 αὐτῶν
1077 2433 1215 2517 αἰσχρόν
1230 2451 1265 2494 τι
1280 2443 1425 2497 ποιούν-
1445 2445 1472 2497 11

160 2555 237 2611 τας,
270 2529 355 2594 ἀλλά
379 2535 466 2618 πρός
488 2536 578 2615 μόνῳ
603 2533 651 2615 τῴ
674 2529 772 2595 πλεῖν
796 2535 911 2609 όντας,
942 2535 977 2595 έν
1001 2530 1036 2595 δέ
1059 2532 1101 2618 τῃ
1123 2530 1247 2618 γαλήνῃ
1270 2536 1423 2600 καὶτῶν

160 2633 288 2698 ναυτῶν
310 2636 366 2698 καί
388 2634 454 2698 τῶν
477 2634 650 2718 ἐπιβατῶν
672 2629 950 2710 ἐπιπολάζουσαν
975 2638 1034 2721 τὴν
1050 2637 1155 2720 ύβριν,
1178 2636 1239 2698 κάν
1260 2639 1306 2724 μὴ
1330 2636 1421 2701 ὦσιν

160 2735 359 2800 ἀκόλαστοι·
383 2741 441 2801 τόν
458 2740 557 2801 αύτύν
574 2737 672 2818 οἶμαι
686 2738 815 2819 τρόπον
835 2738 853 2798 ό
873 2739 935 2816 μὲν
957 2735 1108 2817 πόλεμος
1131 2737 1237 2800 εἴωθε
1257 2739 1313 2802 καί
1333 2742 1417 2815 τούς

160 2838 390 2926 φαυλοτέρους
405 2842 545 2925 ἐγείρειν
566 2841 622 2902 καί
643 2843 787 2923 κρατεῖν,
811 2841 846 2901 έν
868 2841 1014 2923 τοσαύτῃ
1039 2837 1075 2901 δὲ
1099 2841 1211 2925 εἰρήνῃ
1234 2840 1417 2926 καλρφθυ-

157 2945 220 3024 μίφ
250 2939 316 3002 τῶν
345 2943 493 3024 ἀρίστων
523 2939 652 3026 ἀνδρῶν
683 2943 732 3016 είς
765 2938 932 3026 μηδεμίαν
970 2942 1128 3026 αἰσχύνην
1157 2939 1241 3027 μῃδέ
1271 2940 1419 3021 ἀταξίαν
1443 2955 1470 3005 11

159 3043 397 3128 ὑπενεχθῆναι.

245 3265 255 3313 1
277 3252 411 3333 ἀριθμοῖο
429 3258 459 3314 Μ
476 3253 629 3332 ἀρύθμουσ
644 3258 670 3314 U
689 3252 859 3331 ἀρρύθμουσ
870 3257 926 3325 ΒΤ,
946 3273 1015 3313 corr.
1035 3257 1132 3326 Pflugk
1190 3263 1205 3314 1
1223 3269 1290 3318 τοῑσ
1307 3256 1354 3320 άσ
1365 3280 1420 3334 pro

157 3341 191 3403 τὸ
211 3340 284 3402 ῖσωσ
301 3345 395 3411 UBM,
412 3353 477 3402 τοῖα
495 3360 546 3399 om.
566 3343 589 3398 Τ
607 3346 687 3412 (spat.
705 3348 776 3411 vac.)
793 3358 863 3397 corr.
882 3342 992 3399 Geelius
1096 3349 1112 3398 4
1129 3347 1219 3402 ταῦτα
1237 3336 1334 3404 πάντα
1354 3348 1421 3416 (hoe

157 3431 225 3497 οτά.)
243 3431 266 3484 Τ
353 3426 396 3488 όιά
416 3433 505 3488 ταῦτα
523 3424 619 3486 πάντα
637 3427 708 3494 libri,
725 3424 820 3485 πάντα
838 3444 890 3484 om.
909 3445 926 3483 v
1012 3433 1027 3483 5
1045 3427 1246 3498 θαυμάζεσθαι
1263 3430 1348 3487 UBM

157 3511 362 3589 6ἀγαπᾶσθαι
378 3516 427 3572 UB
512 3510 662 3587 ἢμοῖλλον
683 3513 763 3570 ΠΒΜ
787 3519 850 3579 ί-ων
866 3513 902 3580 Π)
988 3508 1040 3580 9ἢ
1062 3504 1106 3570 δἐι
1129 3514 1210 3569 ΠΒΜ
1296 3509 1332 3574 ού
1351 3519 1417 3575 αδδ

157 3602 274 3659 casaub.
343 3595 512 3674 άσυρίασΤ
584 3604 612 3653 11
632 3594 729 3655 λύκιον
747 3597 826 3654 MUT
904 3590 1105 3670 ἀκαδημίανΤ
1190 3599 1276 3671 μηδὲν
1293 3601 1344 3657 UT

158 3691 189 3743 11
207 3687 344 3743 desidero:
362 3686 447 3758 μηδὲν
462 3684 593 3756 (δοκεῖν)
610 3683 754 3756 διαφέρειν
858 3685 889 3736 13
907 3686 998 3739 ταῦτα
1018 3699 1070 3738 om.
1089 3682 1163 3739 UBT
1261 3690 1294 3740 14
1311 3681 1343 3758 δὴ
1364 3703 1418 3758 pro

156 3777 199 3830 δεῖ
213 3773 244 3827 Μ
300 3771 386 3843 μηδὲν
402 3769 452 3826 UT
523 3774 554 3825 16
573 3762 655 3826 οὐδὲν
671 3768 719 3822 ΒΤ
790 3771 821 3822 19
839 3767 1012 3823 scribendum
1028 3762 1098 3825 κάπὶ
1115 3774 1175 3824 τάν
1192 3766 1343 3828 πλεόντων

156 3862 187 3912 11
206 3857 378 3912 scribendum
395 3855 471 3925 <τῶν
488 3854 618 3923 ν>αυτῶν
635 3856 748 3923 proptor
765 3852 904 3919 sequentia
956 3847 991 3909 τὸ
1010 3869 1059 3921 pro
1077 3857 1119 3927 τῷ
1137 3855 1167 3908 Μ
1217 3857 1319 3928 γαλίνη
1337 3855 1370 3910 Μ

156 3947 188 3996 13
205 3939 318 4013 τρόπον
335 3938 367 3997 ἐν
383 3939 524 4008 πολέμοιο
542 3939 571 3993 Μ
589 3934 767 4008 τρόπονκαὶ
790 3934 822 3993 έν
843 3937 984 4006 πολέμοιο
1006 3939 1080 3994 UBT
1103 3954 1173 3994 corr.
1196 3940 1341 4010 Emperius

156 4031 189 4080 14
206 4022 358 4099 κρατύνειν
375 4025 487 4090 Reiske‚
511 4018 616 4098 εἴργειν
633 4038 682 4092 pro
706 4020 829 4094 ἐγείρειν
845 4022 990 4092 Emperius
1093 4028 1125 4078 15
1144 4025 1330 4082 scribendum:
1350 4032 1415 4086 τῶν

155 4105 281 4185 ἀρίστων
297 4106 410 4181 (ἔστιν)
428 4102 540 4179 ἀνδρῶν
607 4104 726 4176 ἀτοξίαν
743 4108 773 4161 Μ
