3068 5160
205 335 245 395 70
662 329 783 386 monus
801 330 852 384 nn
871 329 997 386 annno

202 516 362 596 φανῶμεν
384 509 403 591 ἢ
428 509 551 568 ἐκεῖνοι
574 506 654 589 περὶ
675 505 736 579 τάς
760 506 869 567 αύτῶν
891 510 1017 583 τέχνας,
1041 501 1088 586 τῷ
1112 499 1274 565 πλάττειν
1296 502 1354 563 καί
1374 501 1459 585 ἀφο-

200 619 320 692 μοιοῦν
347 611 426 682 τούς
448 609 597 690 τρόπους
619 614 681 668 τοῦ
701 602 848 690 τριπλοῦ
869 605 1030 686 δαίμονος
1051 612 1118 666 τῶν
1141 610 1243 687 τριῶν
1267 605 1371 685 βίων,
1403 604 1459 687 την

202 713 356 774 ἐναντίαν
386 706 454 785 ἕξιν
477 709 534 770 καί
556 708 784 792 ἀντίστροφον
807 705 1078 787 ἐπιδεικνύμενοι
1099 715 1159 793 τῆς
1180 713 1248 768 τῶν
1272 703 1459 788 λεγομένων

151 814 192 879 88
204 813 490 898 φυσιογνωμόνων
513 811 694 893 ἐμπειρίας
715 811 772 871 καί
792 817 961 894 μαντικῆς.
1001 810 1035 870 ol
1055 811 1116 889 μέν
1137 809 1200 892 γάρ
1217 809 1288 872 ἀπδ
1304 816 1366 894 τῆς
1381 827 1460 890 μορ-

203 923 271 1000 φῆς
291 915 348 976 καί
368 921 431 974 τού
452 909 564 986 εἴδους
585 913 624 973 τδ
647 907 736 995 ἦθος
751 913 974 993 γιγνώσκουσι
987 912 1044 972 καί
1059 907 1340 992 ἀπαγγέλλουσιν,
1364 912 1460 994 ἡμεῖς
1480 917 1492 966 5

203 1012 239 1077 δέ
268 1017 338 1076 ἀπδ
367 1021 435 1075 τῶν
464 1013 561 1098 ηθῶν
589 1015 646 1075 καί
674 1019 741 1074 τῶν
770 1014 875 1096 ἔργων
902 1021 1095 1098 χαρακτῆρα
1124 1014 1181 1074 καί
1202 1014 1340 1098 μορφήν
1364 1007 1461 1087 ἀξίαν

201 1118 335 1179 ἐκείνων
360 1118 555 1194 σπάσωμεν,
579 1115 610 1175 εἰ
633 1115 698 1198 ἀρα
720 1110 848 1194 μᾶλλον
872 1115 1039 1195 ἅψασθαι
1058 1112 1275 1199 δυνησόμεθα
1291 1120 1362 1175 τῶν
1379 1109 1460 1173 πολ-

203 1216 269 1280 λῶν
296 1220 353 1280 καί
380 1214 613 1302 φαυλοτέρων·
643 1217 731 1299 πρδς
759 1218 797 1276 τδ
829 1212 1011 1293 ἀποδεῖξαι
1033 1218 1092 1302 την
1115 1222 1181 1277 τῶν
1203 1216 1288 1296 βίων
1312 1215 1460 1276 ἀτοπίαν

152 1322 192 1388 89
203 1318 299 1382 ούδέν
322 1322 472 1402 ἄσχημον
494 1311 570 1398 <δν>
593 1315 668 1379 ούδέ
692 1320 874 1402 νεμεσητὸν
888 1319 945 1380 καί
959 1322 1121 1402 ποιηταῖς
1137 1313 1460 1401 παραβαλλομένους

202 1423 259 1484 καί
270 1425 499 1504 χειροτέχναις
513 1420 571 1481 καί
584 1420 777 1502 καθαρταῖς
793 1412 980 1504 [δρῶσθαι],
1003 1421 1034 1480 εί
1050 1416 1131 1496 δέοι,
1157 1415 1317 1480 σπεύδειν
1334 1436 1461 1478 παντο·
1480 1425 1503 1478 11

200 1523 307 1602 χόθεν
337 1523 467 1594 εἰκόνας
495 1522 552 1582 καί
574 1516 833 1603 παραδείγματα
857 1515 1077 1604 πορίζοντας,
1107 1522 1149 1582 ἀν
1172 1539 1248 1594 πως
1270 1520 1461 1598 ἰσχύσωμεν

204 1625 404 1705 ἀποτρέψαι
426 1623 545 1696 κακίας
566 1624 623 1683 καί
644 1623 779 1704 ἀπάτης
796 1623 853 1684 καί
868 1629 1027 1706 πονηρῶν
1042 1622 1251 1701 ἐπιθυμιῶν,
1275 1623 1326 1696 είς
1341 1622 1461 1706 ἀρετῆς

152 1728 193 1792 90
206 1722 241 1787 δὲ
266 1721 384 1810 φιλίαν
407 1728 613 1807 προαγαγεῖν
635 1725 692 1785 καὶ
714 1724 822 1806 ἔρωτα
846 1715 925 1805 [καὶ]
948 1717 1034 1808 ζωῆς
1057 1725 1248 1803 ἀμείνονος·
1270 1723 1291 1807 ἢ
1316 1723 1365 1795 ὡς
1389 1722 1460 1783 είώ-

202 1827 310 1888 θασιν
333 1827 419 1886 ἔνιοι
440 1832 507 1887 τῶν
531 1826 610 1909 περί
632 1825 693 1898 τδς
714 1821 850 1898 τελετάς
871 1825 928 1886 καί
950 1825 992 1886 τά
1006 1825 1193 1909 καθάρσια,
1213 1832 1315 1910 μῆνιν
1326 1815 1460 1907 Ἑκάτης

203 1925 419 2008 ἱλασκόμενοί
440 1948 476 1989 τε
497 1929 554 1989 καί
575 1923 693 2009 ἐξάντη
719 1927 905 2010 φάσκοντες
927 1927 1102 2010 ποιήσειν,
1130 1927 1250 1988 ἔπειτα
1273 1923 1374 2005 οἶμαι
1398 1926 1459 2009 φά-
1480 1933 1503 1984 15

204 2046 314 2110 σματα
353 2025 464 2090 πολλά
494 2031 551 2091 καὶ
578 2024 718 2089 ποικίλα
749 2029 816 2110 πρὸ
846 2033 912 2088 τῶν
940 2028 1131 2112 καθαρμῶν
1160 2025 1380 2112 ἐξηγούμενοι
1406 2028 1460 2088 καί

151 2137 188 2199 91
202 2129 466 2207 ἐπιδεικνύντες,
497 2132 518 2191 ά
548 2145 653 2214 φασιν
687 2131 900 2207 ἐπιπέμπειν
928 2125 1134 2213 χολουμένην
1155 2131 1215 2215 την
1236 2129 1332 2192 θεόν.
1378 2127 1458 2190 εἷεν

204 2235 223 2294 δ
251 2235 311 2312 μέν
340 2229 378 2317 δη
410 2229 662 2316 φιλοχρήματος
692 2227 823 2309 δαίμων
849 2237 978 2314 χρυσοῖ
1002 2232 1059 2292 καὶ
1081 2233 1224 2315 ἀργύρου
1246 2232 1303 2293 καί
1324 2237 1386 2316 γῆς
1406 2230 1460 2291 καί

202 2334 425 2416 βοσκημάτων
451 2335 508 2395 καί
531 2339 708 2394 συνοικιῶν
729 2333 786 2393 καί
809 2334 923 2416 πάσης
944 2333 1093 2417 κτησεως
1115 2333 1267 2417 ἐραστής.
1313 2331 1381 2416 ἀρα
1405 2332 1460 2393 ούκ

203 2436 244 2496 ἀν
280 2434 487 2518 σκυθρωπός
519 2454 555 2494 τε
587 2435 644 2495 καί
678 2435 843 2518 συννεφης
872 2431 957 2495 ἰδεῖν
986 2435 1021 2494 ἐν
1052 2435 1196 2518 σχήματι
1224 2431 1378 2515 ταπεινῷ
1406 2433 1501 2495 καλῶ

205 2538 340 2618 ἀγεννεῖ
350 2532 536 2597 πλάττοιτο
552 2536 619 2595 ύπδ
637 2532 843 2619 δημιουργοῦ
854 2537 899 2619 μη
918 2531 1048 2619 φαύλου
1064 2538 1123 2621 την
1138 2538 1254 2619 τέχνην
1260 2557 1272 2610 ;
1291 2535 1458 2619 αὐχμηρὸς
1469 2542 1524 2597 (ult

202 2640 259 2700 καί
274 2641 402 2722 ῥυπῶν,
427 2636 502 2698 ούτε
519 2632 647 2710 παῖδας
661 2637 681 2721 ἠ
697 2640 816 2718 γονέας
832 2636 907 2697 ούτε
923 2635 1073 2721 πατρίδα
1090 2633 1209 2721 φιλῶν,
1231 2637 1251 2720 ἢ
1270 2639 1458 2716 συγγένειαν

206 2735 289 2800 ἀλλο
312 2761 346 2801 τι
369 2733 513 2818 νομίζων
535 2739 554 2822 ἢ
577 2739 619 2799 τά
639 2739 811 2823 χρηματα,
837 2738 916 2812 τούς
939 2735 975 2799 δέ
998 2739 1103 2812 θεούς
1126 2734 1229 2800 πλέον
1253 2733 1351 2798 ούδέν
1374 2735 1459 2799 εἶναι

207 2837 429 2922 λογιζόμενος,
446 2843 464 2902 δ
479 2861 513 2901 τι
527 2841 571 2924 μη
590 2835 738 2913 πολλούς
754 2836 843 2921 αύτῷ
859 2835 944 2923 μηδὲ
959 2837 1124 2921 μεγάλους
1137 2839 1337 2922 θησαυρούς
1351 2857 1458 2922 παρα·

207 2939 415 3004 δεικνύουσιν
441 2943 461 3025 ἢ
491 2942 665 3014 θανάτους
695 2941 827 3002 οἰκείων
856 2947 958 3002 τινῶν
985 2943 1042 3004 καί
1065 2947 1244 3023 συγγενῶν,
1273 2942 1371 3016 ὅπως
1393 2941 1499 3019 ἐχοι15

202 3039 438 3126 κληρονομεῖν,
467 3042 528 3115 τάς
552 3038 588 3103 δέ
611 3041 731 3125 έορτάς
754 3037 874 3126 ζημίαν
897 3038 1007 3117 ἀλλως
1029 3045 1211 3128 ηγούμενος
1232 3043 1289 3104 καί
1310 3043 1456 3122 ματαίαν

152 3147 195 3211 92
207 3141 371 3227 δαπάνην,
395 3138 580 3224 ἀγέλαστος
601 3144 659 3205 καί
673 3139 880 3222 ἀμειδίατος,
903 3146 1123 3230 ὑφορώμενος
1138 3145 1293 3219 ἅπαντας
1307 3146 1366 3206 καί
1380 3140 1456 3225 βλα-

203 3246 323 3328 βερούς
350 3247 534 3330 ηγούμενος
559 3245 616 3307 καί
644 3246 800 3307 ἀπιστῶν
830 3253 952 3323 πᾶσιν,
987 3247 1194 3330 ἁρπακτικὸν
1221 3242 1376 3327 βλέπων,
1407 3245 1456 3307 ἀεί

291 3469 302 3517 1
322 3459 396 3534 ἤπερ
413 3458 519 3518 ἐκεῖνοι
536 3462 586 3518 UB
633 3465 686 3519 τού
702 3459 839 3520 πλάττειν
850 3461 920 3527 libri,
937 3477 1008 3517 corr.
1021 3462 1102 3532 Emp.
1148 3467 1164 3518 5
1181 3458 1357 3536 γινώσκουσι
1372 3462 1423 3520 UB

205 3543 400 3617 τπλάοωμεν
422 3562 473 3616 pro
503 3542 661 3616 σπάσωμεν
683 3547 802 3602 Cobetus
924 3542 1154 3619 δυνησόθηθαΡ
1275 3541 1383 3606 9ούδὲ
1404 3542 1456 3620 γὰρ

205 3635 255 3690 UB
335 3637 400 3700 §90
417 3637 481 3686 ante
498 3635 560 3698 §89
578 3625 661 3688 οὐδὲν
678 3635 730 3686 ete.
743 3633 898 3702 transponit
909 3630 984 3696 wit,
1001 3631 1050 3701 qni
1061 3635 1152 3686 cetera
1168 3635 1265 3698 nervat,
1284 3628 1417 3690 σπεύδειν
1431 3631 1456 3684 in

204 3721 314 3789 σπουδῇ
331 3721 430 3785 mutat3
453 3717 513 3785 ipse
530 3717 593 3784 §90
616 3719 680 3786 pont
705 3711 862 3786 σπάσωμεν
882 3715 1051 3771 inserendam
1069 3718 1136 3786 puto
1242 3710 1279 3772 δν
1299 3713 1394 3770 addidi

206 3808 238 3858 10
255 3805 304 3859 καί
321 3797 456 3871 καθάπερ
474 3809 541 3857 ταῖσ
557 3801 605 3857 VP
695 3794 822 3874 δρᾶσθαι
839 3798 931 3858 ἐνδέοι
948 3801 971 3855 Ρ
1058 3794 1186 3874 δρᾶσθαι
1203 3799 1360 3866 delendum,
1383 3804 1414 3855 ut
1435 3797 1457 3856 εί

204 3887 264 3943 δέοι
291 3888 327 3941 ad
352 3891 515 3956 καθαρταῖς
543 3886 679 3940 referatur
811 3891 840 3940 11
869 3888 998 3957 πορίζειν
1025 3882 1056 3943 εί
1081 3904 1146 3942 τιυσ
1168 3880 1205 3943 ἀν
1227 3883 1281 3955 ίσχ.
1307 3885 1359 3941 UB

206 3976 238 4025 12
257 3965 441 4044 ἀποστρέψαι
457 3970 496 4037 V;
521 3970 612 4024 malim
635 3963 801 4042 ἀποτρέψαι
822 3971 939 4040 (τινας)
1037 3975 1068 4024 13
1090 3968 1327 4044 αροσαγαγεῑνΡ
1413 3968 1456 4026 καλ

204 4059 267 4111 ante
285 4059 362 4126 ζωῆσ
380 4071 432 4110 om.
451 4056 493 4110 B?
561 4047 725 4126 η’ύθασινΡ
797 4060 829 4108 14
846 4052 917 4111 ἔνιοι
935 4057 1001 4126 περὶ
1018 4070 1070 4109 om.
1089 4058 1147 4111 τῶν
1164 4055 1187 4108 P
1204 4050 1276 4111 ἐνιοι
1293 4057 1337 4111 τῶ
1353 4050 1457 4128 περίί

204 4134 274 4196 ἔνιοι
291 4135 327 4196 τὸ
346 4142 412 4211 περὶ
423 4140 473 4196 UB
487 4155 556 4194 corr.
574 4139 711 4193 Ruhnken
766 4144 796 4193 15
809 4135 903 4206 ἐξάντι
915 4139 962 4196 UP
980 4136 1118 4211 ἐξάττηῖ
1171 4144 1200 4196 11
1221 4135 1252 4196 ολ
1260 4157 1350 4211 φασιν
1361 4140 1411 4197 UB

204 4228 237 4278 18
255 4220 473 4297 φιλοχρήματον
490 4220 637 4294 ἀμμωνί
700 4229 729 4278 19
747 4220 906 4296 ἁπάσησῖ
966 4225 1135 4282 κτίσεωσΰ
1186 4229 1217 4279 21
1238 4218 1410 4298 άχμηρδσΡ

203 4297 254 4378 ἦτε
277 4324 327 4376 pro
352 4306 459 4367 ούτεΡ
545 4313 577 4363 22
601 4309 684 4363 verba
705 4312 796 4379 φιλῶν
818 4304 836 4380 ἢ
860 4308 1024 4381 συγγένειαν
1044 4315 1109 4378 post
1125 4308 1229 4382 γονέας
1246 4309 1364 4364 collocat
1380 4308 1456 4376 Emp.

204 4390 359 4446 dubitanter
441 4397 473 4446 23
497 4392 585 4449 πλέον
610 4387 663 4450 οὐκ
684 4389 756 4450 εἶναι
777 4393 853 4450 UBV
924 4396 957 4447 24
981 4389 1018 4464 μὴ
1041 4394 1136 4449 om.P
1206 4398 1238 4448 25
1258 4387 1457 4465 ovyyevnva

205 4479 376 4548 συγγενειῶν
393 4477 418 4532 U
488 4482 519 4530 21
538 4475 725 4546 ἀμειδίαστοσ
742 4477 814 4534 UBP
